@Article{almuradComplexityMatchingRestoring2018,
  title = {Complexity {{Matching}}: {{Restoring}} the {{Complexity}} of {{Locomotion}} in {{Older People Through Arm}}-in-{{Arm Walking}}},
  shorttitle = {Complexity {{Matching}}},
  author = {Zainy M. H. Almurad and Cl{\~A}{\textcopyright}ment Roume and Hubert Blain and Didier Deligni{\a`e}res},
  year = {2018},
  volume = {9},
  issn = {1664-042X},
  doi = {10.3389/fphys.2018.01766},
  journal = {Frontiers in Physiology},
  keywords = {arm-in-arm walking,complexity matching,interpersonal coordination,Rehabilitation,restoration of complexity},
  language = {English},
}

@Article{bakSelforganizedCriticalityExplanation1987,
  title = {Self-Organized Criticality: {{An}} Explanation of the 1/f Noise},
  shorttitle = {Self-Organized Criticality},
  author = {Per Bak and Chao Tang and Kurt Wiesenfeld},
  year = {1987},
  month = {jul},
  volume = {59},
  pages = {381--384},
  issn = {0031-9007},
  doi = {10.1103/PhysRevLett.59.381},
  journal = {Physical Review Letters},
  language = {en},
  number = {4},
}

@Book{banduraSocialFoundationsThought1986,
  title = {Social Foundations of Thought and Action: {{A}} Social Cognitive Theory},
  shorttitle = {Social Foundations of Thought and Action},
  author = {Albert Bandura},
  year = {1986},
  publisher = {{Prentice-Hall, Inc}},
  address = {{Englewood Cliffs, NJ, US}},
  isbn = {978-0-13-815614-5},
  keywords = {Behavior,Cognitive Processes,Motivation,Self-Management,Social Change,Social Perception},
  series = {Social Foundations of Thought and Action: {{A}} Social Cognitive Theory},
}

@inproceedings{pmlr-v6-dawid10a,
  title = {Beware of the {{DAG}}!},
  author = {Dawid, A. Philip},
  editor = {Guyon, Isabelle and Janzing, Dominik and Sch√∂lkopf, Bernhard},
  date = {2010-12-12},
  volume = {6},
  pages = {59--86},
  publisher = {{PMLR}},
  location = {{Whistler, Canada}},
  url = {http://proceedings.mlr.press/v6/dawid10a.html},
  pdf = {http://proceedings.mlr.press/v6/dawid10a/dawid10a.pdf},
  series = {Proceedings of Machine Learning Research}
}
@article{bar-yamBigDataImportant2016,
  title = {From Big Data to Important Information},
  author = {{Bar-Yam}, Yaneer},
  year = {2016},
  month = nov,
  volume = {21},
  pages = {73--98},
  issn = {1099-0526},
  doi = {10.1002/cplx.21785},
  journal = {Complexity},
  keywords = {big data,information theory,renormalization group},
  language = {en},
  number = {S2}
}

@misc{bar-yamComplexityRisingHuman2002,
  title = {Complexity Rising: {{From}} Human Beings to Human Civilization, a Complexity Profile},
  shorttitle = {Complexity Rising},
  author = {{Bar-Yam}, Yaneer},
  year = {2002},
  publisher = {{UNESCO Publishers}},
  address = {{Oxford, UK}},
  journal = {Encyclopedia of Life Support Systems}
}

@incollection{bar-yamComplexSystemsScience2013,
  title = {A Complex Systems Science Approach to Healthcare Costs and Quality},
  booktitle = {Handbook of {{Systems}} and {{Complexity}} in {{Health}}},
  author = {{Bar-Yam}, Yaneer and {Bar-Yam}, Shlomiya and Bertrand, Karla Z. and Cohen, Nancy and {Gard-Murray}, Alexander S. and Harte,, Helen P. and Leykum, Luci},
  editor = {Sturmberg, Joachim P. and Martin, Carmel},
  year = {2013},
  pages = {855--877},
  publisher = {{Springer-Verlag}},
  address = {{New York}},
  isbn = {978-1-4939-2255-0},
  language = {en}
}

@misc{bar-yamConceptsChaosVs2011,
  title = {Concepts: {{Chaos}} vs. {{Complex Systems}}},
  shorttitle = {Concepts},
  author = {{Bar-Yam}, Yaneer},
  year = {2011},
  howpublished = {https://web.archive.org/web/20180120195834/http://www.necsi.edu/guide/concepts/chaoscomplex.html}
}

@misc{bar-yamConceptsSystem2018,
  title = {Concepts: {{System}}},
  shorttitle = {Concepts},
  author = {{Bar-Yam}, Yaneer},
  year = {2018},
  month = oct,
  howpublished = {https://web.archive.org/web/20181009095010/http://necsi.edu/guide/concepts/system.html}
}

@book{bar-yamDynamicsComplexSystems1997,
  title = {Dynamics of Complex Systems},
  author = {{Bar-Yam}, Yaneer},
  year = {1997},
  publisher = {{Addison-Wesley}},
  address = {{Reading, Mass}},
  isbn = {978-0-201-55748-0},
  keywords = {Biomathematics,System theory},
  lccn = {QH323.5 .B358 1997},
  series = {Studies in Nonlinearity}
}

@misc{bar-yamGeneralFeaturesComplex2002,
  title = {General {{Features}} of {{Complex Systems}}},
  author = {{Bar-Yam}, Yaneer},
  year = {2002},
  publisher = {{UNESCO Publishers}},
  address = {{Oxford, UK}},
  journal = {UNESCO Encyclopedia of Life Support Systems}
}

@article{bar-yamImprovingEffectivenessHealth2006,
  title = {Improving the {{Effectiveness}} of {{Health Care}} and {{Public Health}}: {{A Multiscale Complex Systems Analysis}}},
  shorttitle = {Improving the {{Effectiveness}} of {{Health Care}} and {{Public Health}}},
  author = {{Bar-Yam}, Yaneer},
  year = {2006},
  month = mar,
  volume = {96},
  pages = {459--466},
  issn = {0090-0036},
  doi = {10.2105/AJPH.2005.064444},
  journal = {American Journal of Public Health},
  number = {3}
}

@article{bar-yamImprovingEffectivenessHealth2006a,
  title = {Improving the {{Effectiveness}} of {{Health Care}} and {{Public Health}}: {{A Multiscale Complex Systems Analysis}}},
  shorttitle = {Improving the {{Effectiveness}} of {{Health Care}} and {{Public Health}}},
  author = {{Bar-Yam}, Yaneer},
  year = {2006},
  month = mar,
  volume = {96},
  pages = {459--466},
  issn = {0090-0036},
  doi = {10.2105/AJPH.2005.064444},
  journal = {American Journal of Public Health},
  number = {3},
  pmcid = {PMC1470498},
  pmid = {16449583}
}

@article{bar-yamLimitsPhenomenologyBehaviorism2016,
  title = {The Limits of Phenomenology: {{From}} Behaviorism to Drug Testing and Engineering Design},
  shorttitle = {The Limits of Phenomenology},
  author = {{Bar-Yam}, Yaneer},
  year = {2016},
  month = sep,
  volume = {21},
  pages = {181--189},
  issn = {1099-0526},
  doi = {10.1002/cplx.21730},
  journal = {Complexity},
  keywords = {behaviorism,information theory,methodology of science,phenomenology,scale of information},
  language = {en},
  number = {S1}
}

@book{bar-yamMakingThingsWork2004,
  title = {Making Things Work: Solving Complex Problems in a Complex World},
  author = {{Bar-Yam}, Yaneer},
  year = {2004},
  publisher = {{NECSI/Knowledge Press}},
  address = {{Cambridge, Massachusetts}}
}

@article{bar-yamMultiscaleVarietyComplex2004,
  title = {Multiscale Variety in Complex Systems},
  author = {Bar-Yam, Yaneer},
  year = {2004},
  volume = {9},
  pages = {37--45},
  issn = {1099-0526},
  doi = {10.1002/cplx.20014},
  copyright = {Copyright \textcopyright{} 2004 Wiley Periodicals, Inc.},
  journal = {Complexity},
  keywords = {complexity,hierarchy,multiscale,organization management,variety},
  language = {en},
  number = {4}
}


@Book{barabasiNetworkScience2016,
  title = {Network {{Science}}},
  author = {Albert-L{\~A}{\textexclamdown}szl{\~A}{\maththreesuperior} Barab{\a'a}si},
  year = {2016},
  month = {jul},
  publisher = {{Cambridge University Press}},
  googlebooks = {iLtGDQAAQBAJ},
  isbn = {978-1-107-07626-6},
  keywords = {Computers / Networking / General,Computers / Programming / Algorithms,Science / Physics / General,Science / Physics / Mathematical \& Computational},
  language = {en},
}

@Book{bolgerIntensiveLongitudinalMethods2013,
  title = {Intensive {{Longitudinal Methods}}: {{An Introduction}} to {{Diary}} and {{Experience Sampling Research}}},
  shorttitle = {Intensive {{Longitudinal Methods}}},
  author = {Niall Bolger and Jean-Philippe Laurenceau},
  year = {2013},
  month = {jan},
  publisher = {{Guilford Press}},
  isbn = {978-1-4625-0692-7},
  keywords = {Business \& Economics / Statistics,Education / Statistics,Medical / Nursing / Research \& Theory,Psychology / Assessment; Testing \& Measurement,Psychology / Statistics},
  language = {en},
}

@Article{bonoNonnormalDistributionsCommonly2017,
  title = {Non-Normal {{Distributions Commonly Used}} in {{Health}}, {{Education}}, and {{Social Sciences}}: {{A Systematic Review}}},
  shorttitle = {Non-Normal {{Distributions Commonly Used}} in {{Health}}, {{Education}}, and {{Social Sciences}}},
  author = {Roser Bono and Mar\'ia J. Blanca and Jaume Arnau and Juana G{\a'o}mez-Benito},
  year = {2017},
  volume = {8},
  issn = {1664-1078},
  doi = {10.3389/fpsyg.2017.01602},
  journal = {Frontiers in Psychology},
  keywords = {Binomial Distribution,Exponential distribution,Gamma distribution,Lognormal distribution,Multinomial distribution,Negative binomial distribution,Non-normal distributions,Systematic review},
  language = {English},
}

@Article{borsboomNetworkTheoryMental2017,
  title = {A Network Theory of Mental Disorders},
  author = {Denny Borsboom},
  year = {2017},
  month = {feb},
  volume = {16},
  pages = {5--13},
  issn = {1723-8617},
  doi = {10.1002/wps.20375},
  journal = {World Psychiatry},
  number = {1},
  pmcid = {PMC5269502},
  pmid = {28127906},
}

@Article{bradleyNonlinearTimeseriesAnalysis2015,
  title = {Nonlinear Time-Series Analysis Revisited},
  author = {Elizabeth Bradley and Holger Kantz},
  year = {2015},
  volume = {25},
  pages = {097610},
  journal = {Chaos: An Interdisciplinary Journal of Nonlinear Science},
  number = {9},
}

@Article{brandTailoringHealthyWorkplace2015,
  title = {Tailoring Healthy Workplace Interventions to Local Healthcare Settings: A Complexity Theory-Informed Workplace of Well-Being Framework},
  shorttitle = {Tailoring Healthy Workplace Interventions to Local Healthcare Settings},
  author = {Sarah L. Brand and Lora E. Fleming and Katrina M. Wyatt},
  year = {2015},
  volume = {2015},
  journal = {The Scientific World Journal},
}

@Article{bringmannChangingDynamicsTimevarying2017,
  title = {Changing Dynamics: {{Time}}-Varying Autoregressive Models Using Generalized Additive Modeling.},
  shorttitle = {Changing Dynamics},
  author = {Laura F. Bringmann and Ellen L. Hamaker and Daniel E. Vigo and Andr{\a'e} Aubert and Denny Borsboom and Francis Tuerlinckx},
  year = {2017},
  volume = {22},
  pages = {409},
  journal = {Psychological methods},
  number = {3},
}

@Article{bringmannDonBlameModel2018a,
  ids = {bringmannDonBlameModel2018},
  title = {Don't Blame the Model: {{Reconsidering}} the Network Approach to Psychopathology.},
  shorttitle = {Don't Blame the Model},
  author = {Laura F. Bringmann and Markus I. Eronen},
  year = {2018},
  month = {jul},
  volume = {125},
  pages = {606--615},
  issn = {1939-1471, 0033-295X},
  doi = {10.1037/rev0000108},
  journal = {Psychological Review},
  language = {en},
  number = {4},
}

@Article{bullockYesWhatMechanism2010,
  title = {Yes, but What's the Mechanism? (Don't Expect an Easy Answer).},
  shorttitle = {Yes, but What's the Mechanism?},
  author = {John G. Bullock and Donald P. Green and Shang E. Ha},
  year = {2010},
  volume = {98},
  pages = {550--558},
  issn = {1939-1315, 0022-3514},
  doi = {10.1037/a0018933},
  journal = {Journal of Personality and Social Psychology},
  language = {en},
  number = {4},
}

@Article{burkeEcologicalMomentaryAssessment2017,
  title = {Ecological {{Momentary Assessment}} in {{Behavioral Research}}: {{Addressing Technological}} and {{Human Participant Challenges}}},
  shorttitle = {Ecological {{Momentary Assessment}} in {{Behavioral Research}}},
  author = {Lora E Burke and Saul Shiffman and Edvin Music and Mindi A Styn and Andrea Kriska and Asim Smailagic and Daniel Siewiorek and Linda J Ewing and Eileen Chasens and Brian French and Juliet Mancino and Dara Mendez and Patrick Strollo and Stephen L Rathbun},
  year = {2017},
  month = {mar},
  volume = {19},
  issn = {1439-4456},
  doi = {10.2196/jmir.7138},
  journal = {Journal of Medical Internet Research},
  number = {3},
  pmcid = {PMC5371716},
  pmid = {28298264},
}

@Article{cainUnivariateMultivariateSkewness2017,
  title = {Univariate and Multivariate Skewness and Kurtosis for Measuring Nonnormality: {{Prevalence}}, Influence and Estimation},
  shorttitle = {Univariate and Multivariate Skewness and Kurtosis for Measuring Nonnormality},
  author = {Meghan K. Cain and Zhiyong Zhang and Ke-Hai Yuan},
  year = {2017},
  month = {oct},
  volume = {49},
  pages = {1716--1735},
  issn = {1554-3528},
  doi = {10.3758/s13428-016-0814-1},
  journal = {Behavior Research Methods},
  keywords = {Kurtosis,Nonnormality,Skewness,Software},
  language = {en},
  number = {5},
}

@InCollection{carelloWhyNonlinearMethods2005,
  title = {Why Nonlinear Methods},
  booktitle = {Tutorials in Contemporary Nonlinear Methods for the Behavioral Sciences},
  author = {Claudia Carello and M. Moreno},
  year = {2005},
  pages = {1--25},
}

@Article{careyBehaviorChangeTechniques2019,
  title = {Behavior {{Change Techniques}} and {{Their Mechanisms}} of {{Action}}: {{A Synthesis}} of {{Links Described}} in {{Published Intervention Literature}}},
  shorttitle = {Behavior {{Change Techniques}} and {{Their Mechanisms}} of {{Action}}},
  author = {Rachel N. Carey and Lauren E. Connell and Marie Johnston and Alexander J. Rothman and Marijn {de Bruin} and Michael P. Kelly and Susan Michie},
  year = {2019},
  month = {jul},
  volume = {53},
  pages = {693--707},
  issn = {0883-6612},
  doi = {10.1093/abm/kay078},
  journal = {Annals of Behavioral Medicine},
  language = {en},
  number = {8},
}

@Article{cepedaSeasonalityPhysicalActivity2018,
  title = {Seasonality of Physical Activity, Sedentary Behavior, and Sleep in a Middle-Aged and Elderly Population: {{The Rotterdam}} Study},
  shorttitle = {Seasonality of Physical Activity, Sedentary Behavior, and Sleep in a Middle-Aged and Elderly Population},
  author = {Magda Cepeda and Chantal M. Koolhaas and Frank J. A. {van Rooij} and Henning Tiemeier and M{\a`o}nica Guxens and Oscar H. Franco and Josje D. Schoufour},
  year = {2018},
  month = {apr},
  volume = {110},
  pages = {41--50},
  issn = {1873-4111},
  doi = {10.1016/j.maturitas.2018.01.016},
  journal = {Maturitas},
  keywords = {Accelerometry,Aged,All-cause mortality,Cohort Studies,Exercise,Female,Humans,Life expectancy,Male,Meteorological factors,Middle Aged,Netherlands,Nighttime sleep,Physical activity,Seasonal variation,Seasons,Sedentary behavior,Sedentary Behavior,Sleep,Weather},
  language = {eng},
  pmid = {29563034},
}

@Article{chatzisarantisRelationshipPhysicalActivity2019,
  title = {Is the Relationship between Physical Activity Intentions and Behaviour Convex? {{A}} Test across 13 Studies},
  shorttitle = {Is the Relationship between Physical Activity Intentions and Behaviour Convex?},
  author = {Nikos L.D. Chatzisarantis and Sami Yli-Piipari and Lindsey Swanson Schriefer and Deming Wang and Vasillis Barkoukis and Martin S. Hagger},
  year = {2019},
  month = {jul},
  volume = {43},
  pages = {114--122},
  issn = {14690292},
  doi = {10.1016/j.psychsport.2019.01.013},
  journal = {Psychology of Sport and Exercise},
  language = {en},
}

@Article{cohenEarth051994,
  title = {The Earth Is Round (p\hspace{0.6em}{$<$}\hspace{0.6em}.05)},
  author = {Jacob Cohen},
  year = {1994},
  volume = {49},
  pages = {997--1003},
  issn = {1935-990X(Electronic);0003-066X(Print)},
  doi = {10.1037/0003-066X.49.12.997},
  copyright = {(c) 2012 APA, all rights reserved},
  journal = {American Psychologist},
  keywords = {Null Hypothesis Testing},
  number = {12},
}

@Article{coleTestingMediationalModels2003,
  title = {Testing Mediational Models with Longitudinal Data: Questions and Tips in the Use of Structural Equation Modeling},
  shorttitle = {Testing Mediational Models with Longitudinal Data},
  author = {David A. Cole and Scott E. Maxwell},
  year = {2003},
  month = {nov},
  volume = {112},
  pages = {558--577},
  issn = {0021-843X},
  doi = {10.1037/0021-843X.112.4.558},
  journal = {Journal of Abnormal Psychology},
  keywords = {Cross-Sectional Studies,Data Collection,Humans,Longitudinal Studies,Models; Statistical,psychometrics,Psychopathology,Reproducibility of Results},
  language = {eng},
  number = {4},
  pmid = {14674869},
}

@Article{craigTakingAccountContext2018,
  title = {Taking Account of Context in Population Health Intervention Research: Guidance for Producers, Users and Funders of Research},
  shorttitle = {Taking Account of Context in Population Health Intervention Research},
  author = {Peter Craig and Erica {Di Ruggiero} and Katherine L. Frolich and Eric Mykhalovskiy and Martin White and Rona Campbell and Steven Cummins and Nancy Edwards and Kate Hunt and Frank Kee},
  year = {2018},
}

@Article{cramerMajorDepressionComplex2016,
  title = {Major {{Depression}} as a {{Complex Dynamic System}}},
  author = {Ang{\a'e}lique O. J. Cramer and Claudia D. {van Borkulo} and Erik J. Giltay and Han L. J. {van der Maas} and Kenneth S. Kendler and Marten Scheffer and Denny Borsboom},
  year = {2016},
  month = {dec},
  volume = {11},
  issn = {1932-6203},
  doi = {10.1371/journal.pone.0167490},
  journal = {PLoS ONE},
  number = {12},
  pmcid = {PMC5145163},
  pmid = {27930698},
}

@Article{mkhitaryanNetworkApproachHealth2019,
  title = {Network Approach in Health Behavior Research: How Can We Explore New Questions?},
  shorttitle = {Network Approach in Health Behavior Research},
  author = {Samvel Mkhitaryan and Rik Crutzen and Esther Steenaart and Nanne K. {de Vries}},
  year = {2019},
  month = {jan},
  volume = {7},
  pages = {362--384},
  issn = {2164-2850},
  doi = {10.1080/21642850.2019.1682587},
  journal = {Health Psychology and Behavioral Medicine},
  language = {en},
  number = {1},
}

@Article{centolaTruthBehavioralChange2018,
  title = {The {{Truth About Behavioral Change}}},
  author = {Damon Centola},
  year = {2018},
  month = {jul},
  pages = {10},
  journal = {MIT Sloan Managment Review},
  language = {en},
}

@InCollection{jeronimusDynamicSystemPerspectives2019,
  title = {Dynamic System Perspectives on Anxiety and Depression},
  booktitle = {Psychosocial {{Development}} in {{Adolescence}}},
  author = {Bertus F. Jeronimus},
  editor = {E. Saskia Kunnen and Naomi M.P. {de Ruiter} and Bertus F. Jeronimus and Mandy A.E. {van der Gaag}},
  year = {2019},
  month = {apr},
  edition = {First},
  pages = {100--126},
  publisher = {{Routledge}},
  doi = {10.4324/9781315165844-7},
  isbn = {978-1-315-16584-4},
  language = {en},
}

@Article{trullAmbulatoryAssessmentPsychopathology2020,
  title = {Ambulatory Assessment in Psychopathology Research: {{A}} Review of Recommended Reporting Guidelines and Current Practices},
  shorttitle = {Ambulatory Assessment in Psychopathology Research},
  author = {Timothy J. Trull and Ulrich W. Ebner-Priemer},
  year = {2020},
  volume = {129},
  pages = {56--63},
  issn = {1939-1846(Electronic),0021-843X(Print)},
  doi = {10.1037/abn0000473},
  journal = {Journal of Abnormal Psychology},
  keywords = {Best Practices,Clinical Psychology,Compliance,Ecological Momentary Assessment,Outpatient Treatment,Psychopathology,Reporting Standards,Statistical Analysis,Test Construction},
  number = {1},
}

@Article{hasselmanStudyingComplexAdaptive2020,
  title = {Studying {{Complex Adaptive Systems}} with {{Internal States}}: {{A Recurrence Network Approach}} to the {{Analysis}} of {{Multivariate Time Series Data Representing Self}}-{{Reports}} of {{Human Experience}}},
  shorttitle = {Studying {{Complex Adaptive Systems}} with {{Internal States}}},
  author = {Fred Hasselman and Anna M. T. Bosman},
  year = {2020},
  volume = {6},
  issn = {2297-4687},
  doi = {10.3389/fams.2020.00009},
  journal = {Frontiers in Applied Mathematics and Statistics},
  keywords = {Change profile,complex adaptive systems,Ecological Momentary Assessment,Experience Sampling Method,internal state dynamics,Muliplex-Recurrence Networks,multivariate time series analysis,Physical self,Recurrence networks,self-esteem,Weighted recurrence networks},
  language = {English},
}

@InCollection{bronfenbrennerEcologyDevelopmentalProcesses1998,
  ids = {bronfenbrennerEcologyDevelopmentalProcesses},
  title = {The Ecology of Developmental Processes},
  booktitle = {Handbook of Child Psychology: {{Theoretical}} Models of Human Development, {{Volume}} 1, 5th Ed},
  author = {Urie Bronfenbrenner and Pamela A. Morris},
  year = {1998},
  pages = {993--1028},
  publisher = {{John Wiley \& Sons Inc}},
  address = {{Hoboken, NJ, US}},
  isbn = {978-0-471-05527-3},
  keywords = {Developmental Psychology,Ecology,Human Development,Models},
}

@Article{hallTemporalSelfregulationTheory2015,
  title = {Temporal Self-Regulation Theory: A Neurobiologically Informed Model for Physical Activity Behavior},
  shorttitle = {Temporal Self-Regulation Theory},
  author = {Peter A. Hall and Geoffrey T. Fong},
  year = {2015},
  volume = {9},
  issn = {1662-5161},
  doi = {10.3389/fnhum.2015.00117},
  journal = {Frontiers in Human Neuroscience},
  keywords = {Behavior,Brain,Executive Function,Exercise,theoretical neuroscience},
  language = {English},
}

@Article{delignieresFractalDynamicsSelfesteem2004,
  title = {The Fractal Dynamics of Self-Esteem and Physical Self},
  author = {Didier Delignieres and Marina Fortes and Gr{\a'e}gory Ninot},
  year = {2004},
  month = {nov},
  volume = {8},
  pages = {479--510},
  journal = {Nonlinear dynamics, psychology, and life sciences},
}

@Article{dishmanDeterminantsPhysicalActivity1985,
  title = {The Determinants of Physical Activity and Exercise.},
  author = {R K Dishman and J F Sallis and D R Orenstein},
  year = {1985},
  volume = {100},
  pages = {158--171},
  issn = {0033-3549},
  journal = {Public Health Reports},
  number = {2},
  pmcid = {PMC1424729},
  pmid = {3920714},
}

@Article{dumithPhysicalActivityChange2011,
  title = {Physical Activity Change during Adolescence: A Systematic Review and a Pooled Analysis},
  shorttitle = {Physical Activity Change during Adolescence},
  author = {Samuel C. Dumith and Denise P. Gigante and Marlos R. Domingues and Harold W. Kohl},
  year = {2011},
  month = {jun},
  volume = {40},
  pages = {685--698},
  issn = {0300-5771},
  doi = {10.1093/ije/dyq272},
  journal = {International Journal of Epidemiology},
  language = {en},
  number = {3},
}

@Article{epskampGaussianGraphicalModel2018,
  title = {The {{Gaussian Graphical Model}} in {{Cross}}-{{Sectional}} and {{Time}}-{{Series Data}}},
  author = {Sacha Epskamp and Lourens J. Waldorp and Ren{\~A}{\textcopyright} M{\~o}ttus and Denny Borsboom},
  year = {2018},
  month = {jul},
  volume = {53},
  pages = {453--480},
  issn = {0027-3171},
  doi = {10.1080/00273171.2018.1454823},
  journal = {Multivariate Behavioral Research},
  keywords = {exploratory-data analysis,multilevel modeling,multivariate analysis,network modeling,Time-series analysis},
  number = {4},
  pmid = {29658809},
}

@Article{fiedlerWhatMediationAnalysis2011,
  title = {What Mediation Analysis Can (Not) Do},
  author = {Klaus Fiedler and Malte Schott and Thorsten Meiser},
  year = {2011},
  month = {nov},
  volume = {47},
  pages = {1231--1236},
  issn = {0022-1031},
  doi = {10.1016/j.jesp.2011.05.007},
  journal = {Journal of Experimental Social Psychology},
  keywords = {Attitude change,Causal model,Sobel test,Spurious mediator},
  number = {6},
}

@Article{finkSocialDeterminantsPopulation2016,
  title = {Social {{Determinants}} of {{Population Health}}: {{A Systems Sciences Approach}}},
  shorttitle = {Social {{Determinants}} of {{Population Health}}},
  author = {David S. Fink and Katherine M. Keyes and Magdalena Cerd{\a'a}},
  year = {2016},
  month = {feb},
  volume = {3},
  pages = {98--105},
  issn = {2196-2995},
  doi = {10.1007/s40471-016-0066-8},
  journal = {Current Epidemiology Reports},
  language = {en},
  number = {1},
}

@TechReport{fisherGeneratingAccuratePersonalized2019,
  title = {Generating {{Accurate Personalized Predictions}} of {{Future Behavior}}: {{A Smoking Exemplar}}},
  shorttitle = {Generating {{Accurate Personalized Predictions}} of {{Future Behavior}}},
  author = {Aaron Jason Fisher and Peter D. Soyster},
  year = {2019},
  month = {mar},
  institution = {{PsyArXiv}},
  doi = {10.31234/osf.io/e24v6},
  type = {Preprint},
}

@Article{fisherLackGrouptoindividualGeneralizability2018,
  title = {Lack of Group-to-Individual Generalizability Is a Threat to Human Subjects Research},
  author = {Aaron J. Fisher and John D. Medaglia and Bertus F. Jeronimus},
  year = {2018},
  month = {jun},
  pages = {201711978},
  issn = {0027-8424, 1091-6490},
  doi = {10.1073/pnas.1711978115},
  copyright = {\textcopyright{} 2018 . Published under the PNAS license.},
  journal = {Proceedings of the National Academy of Sciences},
  keywords = {ecological fallacy,generalizability,idiographic science,replicability,research methodology},
  language = {en},
  pmid = {29915059},
}

@Article{gaylesUtilityPersonspecificAnalyses2013,
  title = {The Utility of Person-Specific Analyses for Investigating Developmental Processes: {{An}} Analytic Primer on Studying the Individual},
  shorttitle = {The Utility of Person-Specific Analyses for Investigating Developmental Processes},
  author = {Jochebed G. Gayles and Peter C. M. Molenaar},
  year = {2013},
  month = {nov},
  volume = {37},
  pages = {549--562},
  issn = {0165-0254},
  doi = {10.1177/0165025413504857},
  journal = {International Journal of Behavioral Development},
  language = {en},
  number = {6},
}

@Article{gomersallComplexAdaptiveSystems2018,
  title = {Complex Adaptive Systems: {{A}} New Approach for Understanding Health Practices},
  shorttitle = {Complex Adaptive Systems},
  author = {Tim Gomersall},
  year = {2018},
  month = {jun},
  volume = {0},
  pages = {1--34},
  issn = {1743-7199},
  doi = {10.1080/17437199.2018.1488603},
  journal = {Health Psychology Review},
  keywords = {Agent-based modelling,Behaviour change,Complex adaptive systems,Health Behaviour,Qualitative research,Social networks},
  number = {ja},
  pmid = {29932851},
}

@Article{gonzalezNonlinearityComplexityLimited2010,
  title = {Non-Linearity, {{Complexity}} and {{Limited Measurement}} in the {{Relationship Between Satisfaction}} with {{Specific Life Domains}} and {{Satisfaction}} with {{Life}} as a {{Whole}}},
  author = {M{\~A}{\mathtwosuperior}nica Gonz{\a'a}lez and Germ{\~A}{\nobreakspace} Coenders and Marc Saez and Ferran Casas},
  year = {2010},
  month = {jun},
  volume = {11},
  pages = {335--352},
  issn = {1389-4978, 1573-7780},
  doi = {10.1007/s10902-009-9143-8},
  journal = {Journal of Happiness Studies},
  language = {en},
  number = {3},
}

@Article{greenEnoughAlreadyBlack2010,
  title = {Enough {{Already}} about ``{{Black Box}}'' {{Experiments}}: {{Studying Mediation Is More Difficult}} than {{Most Scholars Suppose}}},
  shorttitle = {Enough {{Already}} about ``{{Black Box}}'' {{Experiments}}},
  author = {Donald P. Green and Shang E. Ha and John G. Bullock},
  year = {2010},
  month = {mar},
  volume = {628},
  pages = {200--208},
  issn = {0002-7162, 1552-3349},
  doi = {10.1177/0002716209351526},
  journal = {The ANNALS of the American Academy of Political and Social Science},
  language = {en},
  number = {1},
}

@Article{hamakerCritiqueCrosslaggedPanel2015,
  title = {A Critique of the Cross-Lagged Panel Model.},
  author = {Ellen L. Hamaker and Rebecca M. Kuiper and Raoul P. P. P. Grasman},
  year = {2015},
  volume = {20},
  pages = {102--116},
  issn = {1939-1463, 1082-989X},
  doi = {10.1037/a0038889},
  journal = {Psychological Methods},
  language = {en},
  number = {1},
}

@Article{hamakerModelingBASDysregulation2016,
  title = {Modeling {{BAS Dysregulation}} in {{Bipolar Disorder}}: {{Illustrating}} the {{Potential}} of {{Time Series Analysis}}},
  shorttitle = {Modeling {{BAS Dysregulation}} in {{Bipolar Disorder}}},
  author = {Ellen L. Hamaker and Raoul P. P. P. Grasman and Jan Henk Kamphuis},
  year = {2016},
  month = {aug},
  volume = {23},
  pages = {436--446},
  issn = {1073-1911},
  doi = {10.1177/1073191116632339},
  journal = {Assessment},
  language = {en},
  number = {4},
}

@Article{hamakerNoTimePresent2017,
  title = {No {{Time Like}} the {{Present}}: {{Discovering}} the {{Hidden Dynamics}} in {{Intensive Longitudinal Data}}},
  shorttitle = {No {{Time Like}} the {{Present}}},
  author = {Ellen L. Hamaker and Marieke Wichers},
  year = {2017},
  month = {feb},
  volume = {26},
  pages = {10--15},
  issn = {0963-7214},
  doi = {10.1177/0963721416666518},
  journal = {Current Directions in Psychological Science},
  language = {en},
  number = {1},
}

@Article{hankonenWhatExplainsSocioeconomic2017,
  title = {What Explains the Socioeconomic Status Gap in Activity? {{Educational}} Differences in Determinants of Physical Activity and Screentime},
  shorttitle = {What Explains the Socioeconomic Status Gap in Activity?},
  author = {Nelli Hankonen and Matti T. J. Heino and Emilia Kujala and Sini-Tuuli Hynynen and Pilvikki Absetz and Vera Ara{\a'u}jo-Soares and Katja Borodulin and Ari Haukkala},
  year = {2017},
  month = {feb},
  volume = {17},
  pages = {144},
  issn = {1471-2458},
  doi = {10.1186/s12889-016-3880-5},
  journal = {BMC Public Health},
  number = {1},
}

@Article{haweTheorisingInterventionsEvents2009,
  title = {Theorising {{Interventions}} as {{Events}} in {{Systems}}},
  author = {Penelope Hawe and Alan Shiell and Therese Riley},
  year = {2009},
  month = {jun},
  volume = {43},
  pages = {267--276},
  issn = {00910562},
  doi = {10.1007/s10464-009-9229-9},
  journal = {American Journal of Community Psychology},
  language = {en},
  number = {3-4},
}

@Article{heinoCommentaryReproducibilityPsychological2017,
  title = {Commentary: {{Reproducibility}} in {{Psychological Science}}: {{When Do Psychological Phenomena Exist}}?},
  shorttitle = {Commentary},
  author = {Matti T. J. Heino and Eiko I. Fried and Etienne P. LeBel},
  year = {2017},
  month = {jun},
  volume = {8},
  issn = {1664-1078},
  doi = {10.3389/fpsyg.2017.01004},
  journal = {Frontiers in Psychology},
  pmcid = {PMC5479906},
  pmid = {28690559},
}

@Article{heinoVisualisationNetworkAnalysis2019a,
  ids = {heinoVisualisationNetworkAnalysis2019},
  title = {Visualisation and Network Analysis of Physical Activity and Its Determinants: {{Demonstrating}} Opportunities in Analysing Baseline Associations in the Let's Move It Trial},
  shorttitle = {Visualisation and Network Analysis of Physical Activity and Its Determinants},
  author = {Matti T. J. Heino and Keegan Knittle and Eiko Fried and Reijo Sund and Ari Haukkala and Katja Borodulin and Antti Uutela and Vera Araujo-Soares and Tommi Vasankari and Nelli Hankonen},
  year = {2019},
  month = {jan},
  volume = {7},
  pages = {269--289},
  issn = {null},
  doi = {10.1080/21642850.2019.1646136},
  journal = {Health Psychology and Behavioral Medicine},
  keywords = {behaviour change,Exercise,physical activity,school-based intervention,sedentary behaviour},
  number = {1},
}

@Article{heklerTutorialUsingControl2018,
  title = {Tutorial for {{Using Control Systems Engineering}} to {{Optimize Adaptive Mobile Health Interventions}}},
  author = {Eric B. Hekler and Daniel E. Rivera and Cesar A. Martin and Sayali S. Phatak and Mohammad T. Freigoun and Elizabeth Korinek and Predrag Klasnja and Marc A. Adams and Matthew P. Buman},
  year = {2018},
  volume = {20},
  pages = {e214},
  doi = {10.2196/jmir.8622},
  copyright = {Unless stated otherwise, all articles are open-access distributed under the terms of the Creative Commons Attribution License (http://creativecommons.org/licenses/by/2.0/), which permits unrestricted use, distribution, and reproduction in any medium, provided the original work (},
  journal = {Journal of Medical Internet Research},
  language = {en},
  number = {6},
}

@Article{heklerWhyWeNeed2019,
  title = {Why We Need a Small Data Paradigm},
  author = {Eric B. Hekler and Predrag Klasnja and Guillaume Chevance and Natalie M. Golaszewski and Dana Lewis and Ida Sim},
  year = {2019},
  month = {jul},
  volume = {17},
  pages = {133},
  issn = {1741-7015},
  doi = {10.1186/s12916-019-1366-x},
  journal = {BMC Medicine},
  number = {1},
}

@Article{hofmansKCentresFunctionalClustering2017,
  title = {K-{{Centres Functional Clustering}}: {{A Person}}-{{Centered Approach}} to {{Modeling Complex Nonlinear Growth Trajectories}}},
  shorttitle = {K-{{Centres Functional Clustering}}},
  author = {Joeri Hofmans and Tim Vantilborgh and Omar N. Solinger},
  year = {2017},
  month = {aug},
  pages = {1094428117725793},
  issn = {1094-4281},
  doi = {10.1177/1094428117725793},
  journal = {Organizational Research Methods},
  language = {en},
}

@Article{johnstonUsefulTheoriesShould2013,
  title = {Useful Theories Should Apply to Individuals},
  author = {Derek W. Johnston and Marie Johnston},
  year = {2013},
  month = {sep},
  volume = {18},
  pages = {469--473},
  issn = {1359107X},
  doi = {10.1111/bjhp.12049},
  journal = {British Journal of Health Psychology},
  language = {en},
  number = {3},
}

@Article{klineMediationMyth2015,
  title = {The {{Mediation Myth}}},
  author = {Rex B. Kline},
  year = {2015},
  month = {jul},
  volume = {37},
  pages = {202--213},
  issn = {0197-3533},
  doi = {10.1080/01973533.2015.1049349},
  journal = {Basic and Applied Social Psychology},
  number = {4},
}

@Article{knittleCompendiumSelfenactableTechniques2020,
  title = {The Compendium of Self-Enactable Techniques to Change and Self-Manage Motivation and Behaviour v.1.0},
  author = {Keegan Knittle and Matti Heino and Marta M. Marques and Minna Stenius and Marguerite Beattie and Franziska Ehbrecht and Martin S. Hagger and Wendy Hardeman and Nelli Hankonen},
  year = {2020},
  month = {jan},
  pages = {1--9},
  issn = {2397-3374},
  doi = {10.1038/s41562-019-0798-9},
  copyright = {2020 The Author(s), under exclusive licence to Springer Nature Limited},
  journal = {Nature Human Behaviour},
  language = {en},
}

@Article{kokIgnoringTheoryMisinterpreting2018,
  title = {Ignoring Theory and Misinterpreting Evidence: The False Belief in Fear Appeals},
  shorttitle = {Ignoring Theory and Misinterpreting Evidence},
  author = {Gerjo Kok and Gjalt-Jorn Y. Peters and Loes TE Kessels and Gill A. {Ten Hoor} and Robert AC Ruiter},
  year = {2018},
  volume = {12},
  pages = {111--125},
  journal = {Health psychology review},
  number = {2},
}

@Article{kwasnickaChallengesSolutionsNof12019,
  title = {Challenges and Solutions for {{N}}-of-1 Design Studies in Health Psychology},
  author = {Dominika Kwasnicka and Jennifer Inauen and Wim Nieuwenboom and Johanna Nurmi and Annegret Schneider and Camille E. Short and Tessa Dekkers and A. Jess Williams and Walter Bierbauer and Ari Haukkala and Federica Picariello and Felix Naughton},
  year = {2019},
  month = {apr},
  volume = {13},
  pages = {163--178},
  issn = {1743-7199, 1743-7202},
  doi = {10.1080/17437199.2018.1564627},
  journal = {Health Psychology Review},
  language = {en},
  number = {2},
}

@Article{kwasnickaNof1StudyWeight2017,
  title = {N-of-1 Study of Weight Loss Maintenance Assessing Predictors of Physical Activity, Adherence to Weight Loss Plan and Weight Change},
  author = {Dominika Kwasnicka and Stephan U. Dombrowski and Martin White and Falko F. Sniehotta},
  year = {2017},
  month = {jun},
  volume = {32},
  pages = {686--708},
  issn = {0887-0446},
  doi = {10.1080/08870446.2017.1293057},
  journal = {Psychology \& Health},
  keywords = {behaviour change maintenance,n-of-1 study,theory,weight loss maintenance},
  number = {6},
  pmid = {28323457},
}

@Article{kwasnickaTheoreticalExplanationsMaintenance2016,
  title = {Theoretical Explanations for Maintenance of Behaviour Change: A Systematic Review of Behaviour Theories},
  shorttitle = {Theoretical Explanations for Maintenance of Behaviour Change},
  author = {Dominika Kwasnicka and Stephan U. Dombrowski and Martin White and Falko Sniehotta},
  year = {2016},
  month = {jul},
  volume = {10},
  pages = {277--296},
  issn = {1743-7199},
  doi = {10.1080/17437199.2016.1151372},
  journal = {Health Psychology Review},
  keywords = {Behaviour change,behaviour maintenance,theory,theory review},
  number = {3},
  pmid = {26854092},
}

@Article{leemputCriticalSlowingEarly2014,
  title = {Critical Slowing down as Early Warning for the Onset and Termination of Depression},
  author = {Ingrid A. {van de Leemput} and Marieke Wichers and Ang{\a'e}lique O. J. Cramer and Denny Borsboom and Francis Tuerlinckx and Peter Kuppens and Egbert H. {van Nes} and Wolfgang Viechtbauer and Erik J. Giltay and Steven H. Aggen and Catherine Derom and Nele Jacobs and Kenneth S. Kendler and Han L. J. {van der Maas} and Michael C. Neale and Frenk Peeters and Evert Thiery and Peter Zachar and Marten Scheffer},
  year = {2014},
  month = {jan},
  volume = {111},
  pages = {87--92},
  issn = {0027-8424, 1091-6490},
  doi = {10.1073/pnas.1312114110},
  copyright = {\textcopyright{}  . Freely available online through the PNAS open access option.},
  journal = {Proceedings of the National Academy of Sciences},
  keywords = {critical transitions,early warning signals,experience sampling method,positive feedback},
  language = {en},
  number = {1},
  pmid = {24324144},
}

@Article{loeysCautionaryNotePower2015,
  title = {A Cautionary Note on the Power of the Test for the Indirect Effect in Mediation Analysis},
  author = {Tom Loeys and Beatrijs Moerkerke and Stijn Vansteelandt},
  year = {2015},
  month = {jan},
  volume = {5},
  issn = {1664-1078},
  doi = {10.3389/fpsyg.2014.01549},
  journal = {Frontiers in Psychology},
  pmcid = {PMC4290592},
  pmid = {25628585},
}

@Article{makridakisDecisionMakingPlanning2009,
  title = {Decision Making and Planning under Low Levels of Predictability},
  author = {Spyros Makridakis and Nassim Taleb},
  year = {2009},
  month = {oct},
  volume = {25},
  pages = {716--733},
  issn = {0169-2070},
  doi = {10.1016/j.ijforecast.2009.05.013},
  journal = {International Journal of Forecasting},
  keywords = {Accuracy,Forecasting,Judgmental predictions,Low level predictability,Non-normal forecasting errors,Uncertainty},
  number = {4},
  series = {Special Section: {{Decision}} Making and Planning under Low Levels of Predictability},
}

@Article{makridakisForecastingSocialSettings2019,
  title = {Forecasting in Social Settings: {{The}} State of the Art},
  shorttitle = {Forecasting in Social Settings},
  author = {Spyros Makridakis and Rob J. Hyndman and Fotios Petropoulos},
  year = {2019},
  month = {sep},
  issn = {0169-2070},
  doi = {10.1016/j.ijforecast.2019.05.011},
  journal = {International Journal of Forecasting},
  keywords = {Accuracy,Causality,Judgment,Knowns and unknowns,Machine Learning,Review,Uncertainty},
}

@Article{mathewsWhyStudyComplexity1999,
  title = {Why {{Study}} the {{Complexity Sciences}} in the {{Social Sciences}}?},
  author = {K. Michael Mathews and Michael C. White and Rebecca G. Long},
  year = {1999},
  month = {apr},
  volume = {52},
  pages = {439--462},
  issn = {0018-7267},
  doi = {10.1177/001872679905200402},
  journal = {Human Relations},
  number = {4},
}

@Article{matthewsSourcesVarianceDaily2002,
  title = {Sources of Variance in Daily Physical Activity Levels as Measured by an Accelerometer},
  author = {Charles E. Matthews and Barbara E. Ainsworth and Raymond W. Thompson and David R. Bassett},
  year = {2002},
  month = {aug},
  volume = {34},
  pages = {1376--1381},
  issn = {0195-9131},
  journal = {Medicine and Science in Sports and Exercise},
  keywords = {Acceleration,Adult,Age Factors,Aged,Analysis of Variance,Body Mass Index,Cohort Studies,Energy Intake,Energy Metabolism,Exercise,Female,Humans,Leisure Activities,Life Style,Male,Middle Aged,Physical Fitness,Probability,Sex Factors,Sports Medicine,Time Factors},
  language = {eng},
  number = {8},
  pmid = {12165695},
}

@Article{maySimpleMathematicalModels1976,
  title = {Simple Mathematical Models with Very Complicated Dynamics},
  author = {Robert M. May},
  year = {1976},
  month = {jun},
  volume = {261},
  pages = {459--467},
  issn = {1476-4687},
  doi = {10.1038/261459a0},
  copyright = {1976 Nature Publishing Group},
  journal = {Nature},
  language = {en},
  number = {5560},
}

@Article{meehlWhySummariesResearch1990,
  title = {Why Summaries of Research on Psychological Theories Are Often Uninterpretable},
  author = {Paul E. Meehl},
  year = {1990},
  month = {feb},
  volume = {66},
  pages = {195--244},
  issn = {0033-2941},
  doi = {10.2466/pr0.1990.66.1.195},
  journal = {Psychological Reports},
  number = {1},
}

@Article{michieABCBehaviourChange2014,
  title = {{{ABC}} of Behaviour Change Theories},
  author = {Susan Michie and Robert West and Rona Campbell and Jamie Brown and Heather Gainforth},
  year = {2014},
}

@Book{mitchellComplexityGuidedTour2009,
  title = {Complexity: A Guided Tour},
  shorttitle = {Complexity},
  author = {Melanie Mitchell},
  year = {2009},
  publisher = {{Oxford University Press}},
  address = {{Oxford [England] ; New York}},
  isbn = {978-0-19-512441-5},
  keywords = {Complexity (Philosophy)},
  lccn = {Q175.32.C65 M58 2009},
  note = {OCLC: ocn216938473},
}

@Article{molenaarImplicationsClassicalErgodic2008,
  title = {On the Implications of the Classical Ergodic Theorems: {{Analysis}} of Developmental Processes Has to Focus on Intra-Individual Variation},
  shorttitle = {On the Implications of the Classical Ergodic Theorems},
  author = {Peter C. M. Molenaar},
  year = {2008},
  month = {jan},
  volume = {50},
  pages = {60--69},
  issn = {00121630, 10982302},
  doi = {10.1002/dev.20262},
  journal = {Developmental Psychobiology},
  language = {en},
  number = {1},
}

@Article{molenaarManifestoPsychologyIdiographic2004,
  title = {A Manifesto on Psychology as Idiographic Science: {{Bringing}} the Person Back into Scientific Psychology, This Time Forever},
  shorttitle = {A Manifesto on Psychology as Idiographic Science},
  author = {Peter C. M. Molenaar},
  year = {2004},
  volume = {2},
  pages = {201--218},
  journal = {Measurement},
  number = {4},
}

@Article{molenaarNewPersonspecificParadigm2009,
  title = {The New Person-Specific Paradigm in Psychology},
  author = {Peter CM Molenaar and Cynthia G. Campbell},
  year = {2009},
  volume = {18},
  pages = {112--117},
  journal = {Current directions in psychological science},
  number = {2},
}

@Article{navarroApproachStudyDynamics2007,
  title = {An Approach to the Study of the Dynamics of Work Motivation Using Diary Method},
  author = {Jos{\~A}{\textcopyright} Navarro and Carlos Arrieta and Cristina Ball{\a'e}n},
  year = {2007},
  volume = {11},
  pages = {473--498},
  journal = {Nonlinear Dynamics, Psychology, and Life Sciences},
  number = {4},
}

@Article{navarroHealthyVariabilityOrganizational2015,
  title = {Healthy Variability in Organizational Behavior: {{Empirical}} Evidence and New Steps for Future Research},
  shorttitle = {Healthy Variability in Organizational Behavior},
  author = {Jos{\a'e} Navarro and Rita Rueff-Lopes},
  year = {2015},
  volume = {19},
  pages = {529--552},
  journal = {Nonlinear dynamics, psychology, and life sciences},
  number = {4},
}

@Article{navarroTakingTimeSeriously2015,
  title = {Taking Time Seriously: {{Changing}} Practices and Perspectives in {{Work}}/{{Organizational Psychology}}},
  shorttitle = {Taking Time Seriously},
  author = {Jos{\a'e} Navarro and Robert A. Roe and Mar\'ia I. Artiles},
  year = {2015},
  month = {dec},
  volume = {31},
  pages = {135--145},
  issn = {15765962},
  doi = {10.1016/j.rpto.2015.07.002},
  journal = {Revista de Psicolog{\'i}a del Trabajo y de las Organizaciones},
  language = {en},
  number = {3},
}

@Article{olthofCriticalFluctuationsEarlyWarning2019,
  title = {Critical {{Fluctuations}} as an {{Early}}-{{Warning Signal}} for {{Sudden Gains}} and {{Losses}} in {{Patients Receiving Psychotherapy}} for {{Mood Disorders}}},
  author = {Merlijn Olthof and Fred Hasselman and Guido Strunk and Marieke {van Rooij} and Benjamin Aas and Marieke A. Helmich and G{\"u}nter Schiepek and Anna Lichtwarck-Aschoff},
  year = {2019},
  month = {sep},
  pages = {2167702619865969},
  issn = {2167-7026},
  doi = {10.1177/2167702619865969},
  journal = {Clinical Psychological Science},
  language = {en},
}

@Article{olthofDestabilizationSelfratingsPsychotherapeutic2019,
  title = {Destabilization in Self-Ratings of the Psychotherapeutic Process Is Associated with Better Treatment Outcome in Patients with Mood Disorders},
  author = {Merlijn Olthof and Fred Hasselman and Guido Strunk and Benjamin Aas and G{\"u}nter Schiepek and Anna Lichtwarck-Aschoff},
  year = {2019},
  month = {jul},
  volume = {0},
  pages = {1--12},
  issn = {1050-3307},
  doi = {10.1080/10503307.2019.1633484},
  journal = {Psychotherapy Research},
  keywords = {change processes,complex systems,destabilization,mood disorders,psychotherapy},
  number = {0},
  pmid = {31256713},
}

@Article{petersConsensusFearAppeals2018,
  title = {Towards Consensus on Fear Appeals: A Rejoinder to the Commentaries on {{Kok}}, {{Peters}}, {{Kessels}}, Ten {{Hoor}}, and {{Ruiter}} (2018)},
  shorttitle = {Towards Consensus on Fear Appeals},
  author = {Gjalt-Jorn Ygram Peters and Robert AC Ruiter and Gill A. {Ten Hoor} and Loes TE Kessels and Gerjo Kok},
  year = {2018},
  volume = {12},
  pages = {151--156},
  journal = {Health psychology review},
  number = {2},
}

@Article{petersPragmaticNihilismHow2017,
  title = {Pragmatic Nihilism: How a {{Theory}} of {{Nothing}} Can Help Health Psychology Progress},
  shorttitle = {Pragmatic Nihilism},
  author = {Gjalt-Jorn Ygram Peters and Rik Crutzen},
  year = {2017},
  month = {apr},
  volume = {11},
  pages = {103--121},
  issn = {1743-7199},
  doi = {10.1080/17437199.2017.1284015},
  journal = {Health Psychology Review},
  keywords = {application,integrative theory,operationalisation,Theory},
  number = {2},
  pmid = {28110627},
}

@Article{resnicowChaoticViewBehavior2006,
  title = {A Chaotic View of Behavior Change: A Quantum Leap for Health Promotion},
  shorttitle = {A Chaotic View of Behavior Change},
  author = {Kenneth Resnicow and Roger Vaughan},
  year = {2006},
  month = {sep},
  volume = {3},
  pages = {25},
  issn = {1479-5868},
  doi = {10.1186/1479-5868-3-25},
  copyright = {2006 Resnicow and Vaughan; licensee BioMed Central Ltd.},
  journal = {International Journal of Behavioral Nutrition and Physical Activity},
  language = {en},
  number = {1},
  pmid = {16968551},
}

@InCollection{richardsonInteractionDominantDynamicsTimescale2017,
  title = {Interaction-{{Dominant Dynamics}}, {{Timescale Enslavement}}, and the {{Emergence}} of {{Social Behavior}}},
  booktitle = {Computational {{Social Psychology}}},
  author = {Michael J. Richardson and Rachel W. Kallen and Brian A. Eiler},
  year = {2017},
  pages = {121--142},
  publisher = {{Routledge}},
  address = {{New York}},
}

@Article{ricklesCausalityComplexInterventions2009,
  title = {Causality in Complex Interventions},
  author = {Dean Rickles},
  year = {2009},
  month = {mar},
  volume = {12},
  pages = {77--90},
  issn = {1572-8633},
  doi = {10.1007/s11019-008-9140-4},
  journal = {Medicine, Health Care, and Philosophy},
  keywords = {Bias,Causality,Confounding Factors (Epidemiology),Humans,Mental Disorders,Practice Guidelines as Topic,Randomized Controlled Trials as Topic,Research Design,Terminology as Topic},
  language = {eng},
  number = {1},
  pmid = {18465202},
}

@Article{ricklesSimpleGuideChaos2007,
  title = {A Simple Guide to Chaos and Complexity},
  author = {Dean Rickles and Penelope Hawe and Alan Shiell},
  year = {2007},
  volume = {61},
  pages = {933--937},
  doi = {10.1136/jech.2006.054254},
  journal = {Journal of Epidemiology \& Community Health},
  number = {11},
}

@Article{roeWhatWrongMediators2012,
  title = {What Is Wrong with Mediators and Moderators?},
  author = {Robert Roe},
  year = {2012},
  month = {mar},
  volume = {14},
  pages = {4--10},
  journal = {European Health Psychologist},
  number = {1},
}

@Article{rogersUsingProgrammeTheory2008a,
  title = {Using {{Programme Theory}} to {{Evaluate Complicated}} and {{Complex Aspects}} of {{Interventions}}},
  author = {Patricia J. Rogers},
  year = {2008},
  month = {jan},
  volume = {14},
  pages = {29--48},
  issn = {1356-3890},
  doi = {10.1177/1356389007084674},
  journal = {Evaluation},
  language = {en},
  number = {1},
}

@Article{rohrerThinkingClearlyCorrelations2018,
  title = {Thinking {{Clearly About Correlations}} and {{Causation}}: {{Graphical Causal Models}} for {{Observational Data}}},
  shorttitle = {Thinking {{Clearly About Correlations}} and {{Causation}}},
  author = {Julia M. Rohrer},
  year = {2018},
  month = {mar},
  volume = {1},
  pages = {27--42},
  issn = {2515-2459},
  doi = {10.1177/2515245917745629},
  journal = {Advances in Methods and Practices in Psychological Science},
  language = {en},
  number = {1},
}

@Book{ryanSelfdeterminationTheoryBasic2017,
  title = {Self-Determination Theory: Basic Psychological Needs in Motivation, Development, and Wellness},
  shorttitle = {Self-Determination Theory},
  author = {Richard M. Ryan and Edward L. Deci},
  year = {2017},
  publisher = {{Guilford Press}},
  address = {{New York}},
  isbn = {978-1-4625-2876-9},
  keywords = {Autonomy (Psychology)},
  language = {en},
  lccn = {BF575.A88 R93 2017},
}

@Article{schefferQuantifyingResilienceHumans2018,
  title = {Quantifying Resilience of Humans and Other Animals},
  author = {Marten Scheffer and J. Elizabeth Bolhuis and Denny Borsboom and Timothy G. Buchman and Sanne M. W. Gijzel and Dave Goulson and Jan E. Kammenga and Bas Kemp and Ingrid A. {van de Leemput} and Simon Levin and Carmel Mary Martin and Ren{\a'e} J. F. Melis and Egbert H. {van Nes} and L. Michael Romero and Marcel G. M. Olde Rikkert},
  year = {2018},
  month = {oct},
  pages = {201810630},
  issn = {0027-8424, 1091-6490},
  doi = {10.1073/pnas.1810630115},
  copyright = {Copyright \textcopyright{} 2018 the Author(s). Published by PNAS.. This open access article is distributed under Creative Commons Attribution-NonCommercial-NoDerivatives License 4.0 (CC BY-NC-ND).},
  journal = {Proceedings of the National Academy of Sciences},
  keywords = {aging,health,livestock,resilience,tipping points},
  language = {en},
}

@Article{schiepekIdentificationCriticalFluctuations2010,
  title = {The Identification of Critical Fluctuations and Phase Transitions in Short Term and Coarse-Grained Time Series\textemdash{}a Method for the Real-Time Monitoring of Human Change Processes},
  author = {G{\"u}nter Schiepek and Guido Strunk},
  year = {2010},
  month = {mar},
  volume = {102},
  pages = {197--207},
  issn = {0340-1200, 1432-0770},
  doi = {10.1007/s00422-009-0362-1},
  journal = {Biological Cybernetics},
  language = {en},
  number = {3},
}

@Article{schiepekRealtimeMonitoringPsychotherapeutic2016,
  title = {Real-Time Monitoring of Psychotherapeutic Processes: Concept and Compliance},
  shorttitle = {Real-Time Monitoring of Psychotherapeutic Processes},
  author = {G{\"u}nter Schiepek and Wolfgang Aichhorn and Martin Gruber and Guido Strunk and Egon Bachler and Benjamin Aas},
  year = {2016},
  volume = {7},
  pages = {604},
  journal = {Frontiers in psychology},
  keywords = {Compliance,momentary ecological assessment,Nonlinear Dynamics,process-outcome research,Real-time monitoring},
}

@Article{schoemannDeterminingPowerSample2017,
  title = {Determining {{Power}} and {{Sample Size}} for {{Simple}} and {{Complex Mediation Models}}},
  author = {Alexander M. Schoemann and Aaron J. Boulton and Stephen D. Short},
  year = {2017},
  month = {jun},
  pages = {194855061771506},
  issn = {1948-5506, 1948-5514},
  doi = {10.1177/1948550617715068},
  journal = {Social Psychological and Personality Science},
  language = {en},
}

@Article{siegenfeldIntroductionComplexSystems2019,
  title = {An {{Introduction}} to {{Complex Systems Science}} and Its {{Applications}}},
  author = {Alexander F. Siegenfeld and Yaneer Bar-Yam},
  year = {2019},
  month = {dec},
  archiveprefix = {arXiv},
  eprint = {1912.05088},
  eprinttype = {arxiv},
  journal = {arXiv:1912.05088 [physics]},
  keywords = {Physics - Physics and Society},
  primaryclass = {physics},
}

@Article{skivingtonDevelopingEvaluatingComplex2018,
  title = {Developing and Evaluating Complex Interventions: Updating {{Medical Research Council}} Guidance to Take Account of New Methodological and Theoretical Approaches},
  shorttitle = {Developing and Evaluating Complex Interventions},
  author = {Kathryn Skivington and Lynsay Matthews and Peter Craig and Sharon Simpson and Laurence Moore},
  year = {2018},
  month = {nov},
  volume = {392},
  pages = {S2},
  issn = {01406736},
  doi = {10.1016/S0140-6736(18)32865-4},
  journal = {The Lancet},
  language = {en},
}

@Article{smaldinoTheoryDevelopmentAgentBased2014,
  title = {Theory {{Development}} with {{Agent}}-{{Based Models}}},
  author = {Paul E. Smaldino and Jimmy Calanchini and Cynthia L. Pickett},
  year = {2014},
}

@Article{soysterInvolvingStakeholdersDesign2019,
  title = {Involving Stakeholders in the Design of Ecological Momentary Assessment Research: {{An}} Example from Smoking Cessation},
  shorttitle = {Involving Stakeholders in the Design of Ecological Momentary Assessment Research},
  author = {Peter D. Soyster and Aaron J. Fisher},
  year = {2019},
  month = {may},
  volume = {14},
  pages = {e0217150},
  issn = {1932-6203},
  doi = {10.1371/journal.pone.0217150},
  journal = {PLOS ONE},
  keywords = {Behavior,Database searching,Decision making,Emotions,Mental health and psychiatry,Research design,Smoking habits,Surveys},
  language = {en},
  number = {5},
}

@Book{strogatzNonlinearDynamicsChaos2018,
  title = {Nonlinear {{Dynamics}} and {{Chaos}}: {{With Applications}} to {{Physics}}, {{Biology}}, {{Chemistry}}, and {{Engineering}}},
  shorttitle = {Nonlinear {{Dynamics}} and {{Chaos}}},
  author = {Steven H Strogatz},
  year = {2018},
  isbn = {978-0-429-39964-0 978-0-429-68016-8 978-0-429-68015-1 978-0-429-49256-3 978-0-429-96111-3 978-0-429-68014-4},
  language = {English},
  note = {OCLC: 1029247331},
}

@Book{talebAntifragileThingsThat2012,
  title = {Antifragile: Things That Gain from Disorder},
  shorttitle = {Antifragile},
  author = {Nassim Nicholas Taleb},
  year = {2012},
  edition = {1st ed},
  publisher = {{Random House}},
  address = {{New York}},
  isbn = {978-1-4000-6782-4},
  keywords = {BUSINESS \& ECONOMICS / General,Complexity (Philosophy),Forecasting,Psychology / General,Social aspects,Uncertainty (Information theory)},
  lccn = {Q375 .T348 2012},
}

@Article{talebAntifragilityMathematicalIdea2013,
  title = {'{{Antifragility}}' as a Mathematical Idea},
  author = {Nassim N. Taleb},
  year = {2013},
  month = {feb},
  volume = {494},
  pages = {430--430},
  issn = {1476-4687},
  doi = {10.1038/494430e},
  copyright = {2013 Nature Publishing Group, a division of Macmillan Publishers Limited. All Rights Reserved.},
  journal = {Nature},
  language = {en},
  number = {7438},
}

@Article{talebBlackSwanCairo2011,
  title = {The {{Black Swan}} of {{Cairo}}},
  author = {Nassim Nicholas Taleb and Mark Blyth},
  year = {2011},
  month = {jun},
  issn = {0015-7120},
  journal = {Foreign Affairs},
  keywords = {Democratization,Economics,Egypt,Political Development,Theory},
  language = {en-US},
}

@Article{trafimowMeansStandardDeviations2018,
  title = {Means and Standard Deviations, or Locations and Scales? {{That}} Is the Question!},
  shorttitle = {Means and Standard Deviations, or Locations and Scales?},
  author = {David Trafimow and Tonghui Wang and Cong Wang},
  year = {2018},
  month = {aug},
  volume = {50},
  pages = {34--37},
  issn = {0732-118X},
  doi = {10.1016/j.newideapsych.2018.03.001},
  journal = {New Ideas in Psychology},
  keywords = {Location,Scale,Skew,Skew-normal distributions},
}

@Article{vanordenHumanCognitionScaling2005,
  title = {Human {{Cognition}} and 1/f {{Scaling}}},
  author = {Guy C. {Van Orden} and John G. Holden and Michael T. Turvey},
  year = {2005},
  volume = {134},
  pages = {117--123},
  issn = {1939-2222, 0096-3445},
  doi = {10.1037/0096-3445.134.1.117},
  journal = {Journal of Experimental Psychology: General},
  language = {en},
  number = {1},
}

@InCollection{vanordenLivingPinkIntentionality2011,
  title = {Living in the {{Pink}}: {{Intentionality}}, {{Wellbeing}}, and {{Complexity}}},
  shorttitle = {Living in the {{Pink}}},
  booktitle = {Philosophy of {{Complex Systems}}},
  author = {Guy C. {Van Orden} and Heidi Kloos and Sebastian Wallot},
  editor = {Cliff Hooker},
  year = {2011},
  month = {jan},
  volume = {10},
  pages = {629--672},
  publisher = {{North-Holland}},
  address = {{Amsterdam}},
  doi = {10.1016/B978-0-444-52076-0.50022-5},
  series = {Handbook of the {{Philosophy}} of {{Science}}},
}

@Article{vanrooijFractalApproachDynamic2013,
  title = {A Fractal Approach to Dynamic Inference and Distribution Analysis},
  author = {Marieke M. J. W. {van Rooij} and Bertha A. Nash and Srinivasan Rajaraman and John G. Holden},
  year = {2013},
  volume = {4},
  issn = {1664-042X},
  doi = {10.3389/fphys.2013.00001},
  journal = {Frontiers in Physiology},
  language = {en},
}

@Article{wallotAnalyzingMultivariateDynamics2018,
  title = {Analyzing {{Multivariate Dynamics Using Cross}}-{{Recurrence Quantification Analysis}} ({{CRQA}}), {{Diagonal}}-{{Cross}}-{{Recurrence Profiles}} ({{DCRP}}), and {{Multidimensional Recurrence Quantification Analysis}} ({{MdRQA}}) \textendash{} {{A Tutorial}} in {{R}}},
  author = {Sebastian Wallot and Giuseppe Leonardi},
  year = {2018},
  volume = {9},
  issn = {1664-1078},
  doi = {10.3389/fpsyg.2018.02232},
  journal = {Frontiers in Psychology},
  keywords = {cross-recurrence quantification analysis,Diagonal Cross-Recurrence Profile,Multidimensional Recurrence Quantification Analysis,r,RQA,tutorial},
  language = {English},
}

@Article{wallotInteractionDominantCausationMind2017,
  title = {Interaction-{{Dominant Causation}} in {{Mind}} and {{Brain}}, and {{Its Implication}} for {{Questions}} of {{Generalization}} and {{Replication}}},
  author = {Sebastian Wallot and Damian G. Kelty-Stephen},
  year = {2017},
  month = {nov},
  pages = {1--22},
  issn = {0924-6495, 1572-8641},
  doi = {10.1007/s11023-017-9455-0},
  journal = {Minds and Machines},
  language = {en},
}

@Article{westHomeostasisGaussStatistics2010,
  title = {Homeostasis and {{Gauss}} Statistics: Barriers to Understanding Natural Variability: {{Homeostasis}} and {{Gauss}} Statistics},
  shorttitle = {Homeostasis and {{Gauss}} Statistics},
  author = {Bruce J. West},
  year = {2010},
  month = {jun},
  volume = {16},
  pages = {403--408},
  issn = {13561294},
  doi = {10.1111/j.1365-2753.2010.01459.x},
  journal = {Journal of Evaluation in Clinical Practice},
  language = {en},
  number = {3},
}

@Book{westScaleUniversalLaws2017,
  title = {Scale: {{The Universal Laws}} of {{Growth}}, {{Innovation}}, {{Sustainability}}, and the {{Pace}} of {{Life}} in {{Organisms}}, {{Cities}}, {{Economies}}, and {{Companies}}},
  shorttitle = {Scale},
  author = {Geoffrey West},
  year = {2017},
  month = {may},
  edition = {1},
  publisher = {{Penguin Press}},
  address = {{New York}},
  isbn = {978-1-59420-558-3},
  language = {English},
}

@Article{wichersCriticalSlowingPersonalized2016,
  title = {Critical {{Slowing Down}} as a {{Personalized Early Warning Signal}} for {{Depression}}},
  author = {Marieke Wichers and Peter C. Groot and ESM Group Psychosystems},
  year = {2016},
  volume = {85},
  pages = {114--116},
  issn = {0033-3190, 1423-0348},
  doi = {10.1159/000441458},
  journal = {Psychotherapy and Psychosomatics},
  language = {english},
  number = {2},
  pmid = {26821231},
}

@Article{wijnantsReviewTheoreticalPerspectives2014a,
  title = {A {{Review}} of {{Theoretical Perspectives}} in {{Cognitive Science}} on the {{Presence}} of 1 / f {{Scaling}} in {{Coordinated Physiological}} and {{Cognitive Processes}}},
  author = {Maarten L. Wijnants},
  year = {2014},
  volume = {2014},
  pages = {1--17},
  issn = {2356-7503, 2314-6893},
  doi = {10.1155/2014/962043},
  journal = {Journal of Nonlinear Dynamics},
  language = {en},
}

@Article{wrightPersonalizedModelsPsychopathology2020a,
  title = {Personalized {{Models}} of {{Psychopathology}}},
  author = {Aidan G.C. Wright and William C. Woods},
  year = {2020},
  volume = {16},
  doi = {10.1146/annurev-clinpsy-102419-125032},
  journal = {Annual Review of Clinical Psychology},
  number = {1},
  pmid = {32070120},
}

@Book{wrightThinkingSystemsPrimer2009,
  title = {Thinking in {{Systems}}: {{A Primer}}},
  shorttitle = {Thinking in {{Systems}}},
  author = {Diana Wright and Donella H. Meadows},
  year = {2009},
  month = {feb},
  edition = {First edition},
  publisher = {{Routledge}},
  address = {{London u.a.: Earthscan}},
  isbn = {978-1-84407-726-7},
  language = {English},
}

@Article{zhangSocialNetworksHealth2019,
  title = {Social {{Networks}} and {{Health}}: {{New Developments}} in {{Diffusion}}, {{Online}} and {{Offline}}},
  shorttitle = {Social {{Networks}} and {{Health}}},
  author = {Jingwen Zhang and Damon Centola},
  year = {2019},
  volume = {45},
  pages = {91--109},
  doi = {10.1146/annurev-soc-073117-041421},
  journal = {Annual Review of Sociology},
  number = {1},
}

@Article{kelsoHakenKelsoBunzModel2008,
  title = {Haken-{{Kelso}}-{{Bunz}} Model},
  author = {J. A. Scott Kelso},
  year = {2008},
  month = {oct},
  volume = {3},
  pages = {1612},
  issn = {1941-6016},
  doi = {10.4249/scholarpedia.1612},
  journal = {Scholarpedia},
  language = {en},
  number = {10},
}

@Article{rooijModelingDynamicsRisky2013,
  title = {Modeling the {{Dynamics}} of {{Risky Choice}}},
  author = {Marieke M. J. W. {van Rooij} and Luis H. Favela and MaryLauren Malone and Michael J. Richardson},
  year = {2013},
  month = {jul},
  volume = {25},
  pages = {293--303},
  issn = {1040-7413},
  doi = {10.1080/10407413.2013.810502},
  journal = {Ecological Psychology},
  number = {3},
}

@Article{molenaarPsychologicalMethodologyWill2007,
  title = {Psychological {{Methodology}} Will {{Change Profoundly Due}} to the {{Necessity}} to {{Focus}} on {{Intra}}-Individual {{Variation}}},
  author = {Peter C. M. Molenaar},
  year = {2007},
  month = {sep},
  volume = {41},
  pages = {35--40},
  issn = {1932-4502, 1936-3567},
  doi = {10.1007/s12124-007-9011-1},
  journal = {Integrative Psychological and Behavioral Science},
  language = {en},
  number = {1},
}

@Article{verboonApplyingGeneralizedLogistic2020,
  ids = {verboonApplyingGeneralizedLogistic2017},
  title = {Applying the {{Generalized Logistic Model}} in {{Single Case Designs}}: {{Modeling Treatment}}-{{Induced Shifts}}},
  shorttitle = {Applying the {{Generalized Logistic Model}} in {{Single Case Designs}}},
  author = {Peter Verboon and Gjalt-Jorn Ygram Peters},
  year = {2020},
  month = {jan},
  volume = {44},
  pages = {27--48},
  issn = {0145-4455, 1552-4167},
  doi = {10.1177/0145445518791255},
  journal = {Behavior Modification},
  language = {en},
  number = {1},
}

@Article{haggerKnownKnownsKnown2020,
  title = {Known Knowns and Known Unknowns on Behavior Change Interventions and Mechanisms of Action},
  author = {Martin S. Hagger and Susette Moyers and Kaylyn McAnally and Lauren E. McKinley},
  year = {2020},
  month = {jan},
  volume = {14},
  pages = {199--212},
  issn = {1743-7199, 1743-7202},
  doi = {10.1080/17437199.2020.1719184},
  journal = {Health Psychology Review},
  language = {en},
  number = {1},
}

@Software{aust2020PapajaPreparingAPA,
  title = {Papaja ({{Preparing APA Journal Articles}})},
  author = {Frederik Aust},
  date = {2020},
  origdate = {2014-07-20T11:43:41Z},
  url = {https://github.com/crsh/papaja},
  urldate = {2019-04-04},
  editora = {Marius Barth},
  editoratype = {collaborator},
  version = {0.1.0.9942},
}

@Software{hasselman2020CasnetToolboxStudying,
  title = {Casnet: {{A}} Toolbox for Studying {{Complex Adaptive Systems}} and {{NETworks}}},
  author = {Fred Hasselman},
  date = {2020-03-29T13:28:01Z},
  origdate = {2017-10-13T06:20:38Z},
  url = {https://github.com/FredHasselman/casnet},
  urldate = {2020-03-29},
  version = {0.1.4},
}

@InCollection{olthofPsychologicalDynamicsAre2020,
  title = {Psychological Dynamics Are Complex: A Comparison of Scaling, Variance, and Dynamic Complexity in Simulated and Observed Data},
  shorttitle = {Psychological Dynamics Are Complex},
  author = {Merlijn Olthof and Fred Hasselman and Maarten Wijnants and Anna Lichtwarck-Aschoff},
  year = {2020},
  month = {mar},
  pages = {303--316},
  doi = {10.1007/978-3-658-29906-4_17},
  isbn = {978-3-658-29905-7},
}

@Article{hofmann2020LinearMediationDynamic,
  title = {Beyond Linear Mediation: {{Toward}} a Dynamic Network Approach to Study Treatment Processes},
  shorttitle = {Beyond Linear Mediation},
  author = {Stefan G. Hofmann and Joshua E. Curtiss and Steven C. Hayes},
  year = {2020},
  month = {mar},
  volume = {76},
  pages = {101824},
  issn = {0272-7358},
  doi = {10.1016/j.cpr.2020.101824},
  journal = {Clinical Psychology Review},
  keywords = {Complex Network,Dynamic System,Mediation,Process,Therapy,Treatment},
  language = {en},
}

@Article{newmanComplexSystemsSurvey2011,
  title = {Complex {{Systems}}: {{A Survey}}},
  shorttitle = {Complex {{Systems}}},
  author = {M. E. J. Newman},
  year = {2011},
  month = {aug},
  volume = {79},
  pages = {800--810},
  issn = {0002-9505, 1943-2909},
  doi = {10.1119/1.3590372},
  archiveprefix = {arXiv},
  eprint = {1112.1440},
  eprinttype = {arxiv},
  journal = {American Journal of Physics},
  keywords = {Condensed Matter - Statistical Mechanics,Nonlinear Sciences - Adaptation and Self-Organizing Systems,Physics - Physics and Society},
  number = {8},
}

@Article{bechtel2013ThinkingDynamicallyBiological,
  title = {Thinking {{Dynamically About Biological Mechanisms}}: {{Networks}} of {{Coupled Oscillators}}},
  shorttitle = {Thinking {{Dynamically About Biological Mechanisms}}},
  author = {William Bechtel and Adele A. Abrahamsen},
  year = {2013},
  month = {nov},
  volume = {18},
  pages = {707--723},
  issn = {1233-1821, 1572-8471},
  doi = {10.1007/s10699-012-9301-z},
  journal = {Foundations of Science},
  language = {en},
  number = {4},
}

@Article{golonka2019EcologicalMechanismsCognitive,
  title = {Ecological Mechanisms in Cognitive Science},
  author = {Sabrina Golonka and Andrew D. Wilson},
  year = {2019},
  month = {oct},
  volume = {29},
  pages = {676--696},
  issn = {0959-3543, 1461-7447},
  doi = {10.1177/0959354319877686},
  journal = {Theory \& Psychology},
  language = {en},
  number = {5},
}

@Article{gordon1968IssuesMultipleRegression,
  title = {Issues in {{Multiple Regression}}},
  author = {Robert A. Gordon},
  year = {1968},
  volume = {73},
  pages = {592--616},
  publisher = {{University of Chicago Press}},
  issn = {0002-9602},
  journal = {American Journal of Sociology},
  number = {5},
}

@Article{keele2015CausalMediationAnalysis,
  title = {Causal {{Mediation Analysis}}: {{Warning}}! {{Assumptions Ahead}}},
  shorttitle = {Causal {{Mediation Analysis}}},
  author = {Luke Keele},
  year = {2015},
  month = {dec},
  volume = {36},
  pages = {500--513},
  issn = {1098-2140, 1557-0878},
  doi = {10.1177/1098214015594689},
  journal = {American Journal of Evaluation},
  language = {en},
  number = {4},
}

@Article{ashwin2012TippingPointsOpen,
  title = {Tipping Points in Open Systems: Bifurcation, Noise-Induced and Rate-Dependent Examples in the Climate System},
  shorttitle = {Tipping Points in Open Systems},
  author = {Peter Ashwin and Sebastian Wieczorek and Renato Vitolo and Peter Cox},
  date = {2012-03-13},
  journaltitle = {Philosophical Transactions of the Royal Society A: Mathematical, Physical and Engineering Sciences},
  shortjournal = {Philosophical Transactions of the Royal Society A: Mathematical, Physical and Engineering Sciences},
  volume = {370},
  pages = {1166--1184},
  publisher = {{Royal Society}},
  doi = {10.1098/rsta.2011.0306},
  url = {https://royalsocietypublishing.org/doi/10.1098/rsta.2011.0306},
  urldate = {2020-08-08},
  number = {1962},
}

@Article{olthof2020ComplexityPsychologicalSelfratings,
  ids = {olthof2020ComplexityPsychologicalSelfRatings},
  title = {Complexity in Psychological Self-Ratings: Implications for Research and Practice},
  shorttitle = {Complexity in Psychological Self-Ratings},
  author = {Merlijn Olthof and Fred Hasselman and Anna Lichtwarck-Aschoff},
  date = {2020-10-08},
  journaltitle = {BMC Medicine},
  shortjournal = {BMC Medicine},
  volume = {18},
  pages = {317},
  issn = {1741-7015},
  doi = {10/ghmjmx},
  url = {https://doi.org/10.1186/s12916-020-01727-2},
  urldate = {2020-11-27},
  number = {1},
}

@Article{knafl2017IncorporatingNonlinearityMediation,
  title = {Incorporating Nonlinearity into Mediation Analyses},
  author = {George J. Knafl and Kathleen A. Knafl and Margaret Grey and Jane Dixon and Janet A. Deatrick and Agatha M. Gallo},
  date = {2017-03-21},
  journaltitle = {BMC medical research methodology},
  shortjournal = {BMC Med Res Methodol},
  volume = {17},
  pages = {45},
  issn = {1471-2288},
  doi = {10.1186/s12874-017-0296-6},
  url = {https://bmcmedresmethodol.biomedcentral.com/articles/10.1186/s12874-017-0296-6},
  eprint = {28320340},
  eprinttype = {pmid},
  keywords = {Adaptation; Psychological,Adaptive regression,Child,Child; Preschool,Childhood chronic conditions,Chronic Disease,Family,Fractional polynomials,Humans,Mediation,Models; Theoretical,Moderated mediation,Negotiating,Nonlinearity,Regression Analysis},
  langid = {english},
  number = {1},
  pmcid = {PMC5359968},
}

@Book{taleb2020StatisticalConsequencesFat,
  title = {Statistical {{Consequences}} of {{Fat Tails}}: {{Real World Preasymptotics}}, {{Epistemology}}, and {{Applications}}},
  shorttitle = {Statistical {{Consequences}} of {{Fat Tails}}},
  author = {Nassim Nicholas Taleb},
  date = {2020-06-30},
  edition = {Illustrated Edition},
  publisher = {{STEM Academic Press}},
  isbn = {978-1-5445-0805-4},
  langid = {english},
  pagetotal = {446},
}

@Article{bolger2019HeterogeneityTemporalProcesses,
  title = {Heterogeneity in {{Temporal Processes}}: {{Implications}} for {{Theories}} in {{Health Psychology}}},
  shorttitle = {Heterogeneity in {{Temporal Processes}}},
  author = {Niall Bolger and Katherine S. Zee},
  date = {2019},
  journaltitle = {Applied Psychology: Health and Well-Being},
  volume = {11},
  pages = {198--201},
  issn = {1758-0854},
  doi = {10/ghhwz8},
  url = {https://iaap-journals.onlinelibrary.wiley.com/doi/abs/10.1111/aphw.12159},
  urldate = {2020-11-04},
  annotation = {\_eprint: https://iaap-journals.onlinelibrary.wiley.com/doi/pdf/10.1111/aphw.12159},
  langid = {english},
  number = {2},
}

@Article{chevance2020IdiographicDaytodayFluctuations,
  title = {Idiographic, Day-to-Day, Fluctuations in Walking Behavior: {{Observation}} and Prediction of Sudden Behavioral Gains and Losses},
  shorttitle = {Idiographic, Day-to-Day, Fluctuations in Walking Behavior},
  author = {Guillaume Chevance and Dario Baretta and Matti T. J. Heino and Olga Perski and Predrag Klasnja and Eric Hekler and Job Godino},
  date = {2020-10-16},
  publisher = {{OSF}},
  doi = {10/ghgjq3},
  url = {https://osf.io/64cmv/},
  urldate = {2020-10-25},
  langid = {english},
}

@Article{hardeman2019SystematicReviewJustintime,
  title = {A Systematic Review of Just-in-Time Adaptive Interventions ({{JITAIs}}) to Promote Physical Activity},
  author = {Wendy Hardeman and Julie Houghton and Kathleen Lane and Andy Jones and Felix Naughton},
  date = {2019-04-03},
  journaltitle = {International Journal of Behavioral Nutrition and Physical Activity},
  shortjournal = {International Journal of Behavioral Nutrition and Physical Activity},
  volume = {16},
  pages = {31},
  issn = {1479-5868},
  doi = {10/gf35q9},
  url = {https://doi.org/10.1186/s12966-019-0792-7},
  urldate = {2020-11-30},
  number = {1},
}

@Article{reichert2020AmbulatoryAssessmentPhysical,
  title = {Ambulatory Assessment for Physical Activity Research: {{State}} of the Science, Best Practices and Future Directions},
  shorttitle = {Ambulatory Assessment for Physical Activity Research},
  author = {Markus Reichert and Marco Giurgiu and Elena D. Koch and Lena M. Wieland and Sven Lautenbach and Andreas B. Neubauer and Birte {von Haaren-Mack} and Ren{\~A}{\textflorin}{\^A}\" Schilling and Irina Timm and Nanna Notthoff and Isabel Marzi and Holger Hill and Sarah Br{\~A}{\textflorin}{\^A}{\textonequarter}{\~A}{\textflorin}{\r A}{\c\ }ler and Tobias Eckert and Janis Fiedler and Alexander Burchartz and Bastian Anedda and Kathrin Wunsch and Markus Gerber and Darko Jekauc and Alexander Woll and Genevieve F. Dunton and Martina Kanning and Claudio R. Nigg and Ulrich Ebner-Priemer and Yue Liao},
  date = {2020-09-01},
  journaltitle = {Psychology of Sport and Exercise},
  shortjournal = {Psychology of Sport and Exercise},
  volume = {50},
  pages = {101742},
  issn = {1469-0292},
  doi = {10.1016/j.psychsport.2020.101742},
  url = {http://www.sciencedirect.com/science/article/pii/S1469029219307393},
  urldate = {2020-08-26},
  keywords = {Ambulatory assessment,Best practices,Ecological momentary assessment,Experience sampling,Future directions,Physical activity},
  langid = {english},
  options = {useprefix=true},
}

@Article{schiepek2020ConvergentValidationMethods,
  title = {Convergent {{Validation}} of {{Methods}} for the {{Identification}} of {{Psychotherapeutic Phase Transitions}} in {{Time Series}} of {{Empirical}} and {{Model Systems}}},
  author = {G{\~A}{\textflorin}{\^A}{\textonequarter}nter Schiepek and Helmut Sch{\~A}{\textflorin}{\^A}{\P}ller and Giulio {de Felice} and Sune Vork Steffensen and Marie Skaalum Bloch and Clemens Fartacek and Wolfgang Aichhorn and Kathrin Viol},
  date = {2020},
  journaltitle = {Frontiers in Psychology},
  shortjournal = {Front Psychol},
  volume = {11},
  pages = {1970},
  issn = {1664-1078},
  doi = {10/ghjsr9},
  eprint = {32982834},
  eprinttype = {pmid},
  keywords = {change points,nonlinear methods,pattern identification,phase transitions,phase-transition detection algorithm,PTDA,real-time monitoring,self-organization},
  langid = {english},
  options = {useprefix=true},
  pmcid = {PMC7479190},
}

@InCollection{matthews2020EvaluationBehaviorChange,
  title = {Evaluation of {{Behavior Change Interventions}}},
  booktitle = {The {{Handbook}} of {{Behavior Change}}},
  author = {Lynsay Matthews and Sharon A. Simpson},
  editor = {Kyra Hamilton and Linda D. Cameron and Martin S. Hagger and Nelli Hankonen and Taru Lintunen},
  date = {2020},
  pages = {318--332},
  publisher = {{Cambridge University Press}},
  location = {{Cambridge}},
  doi = {10.1017/9781108677318.022},
  url = {https://www.cambridge.org/core/books/handbook-of-behavior-change/evaluation-of-behavior-change-interventions/7A465DD7FE32F9746516A7C93135BDBF},
  urldate = {2020-11-30},
  isbn = {978-1-108-49639-1},
  keywords = {consideration of wider context,experimental designs,feasibility trial,intervention effectiveness,intervention efficacy,nonexperimental designs,process evaluation,process theory,randomized controlled trials},
  series = {Cambridge {{Handbooks}} in {{Psychology}}},
}

@InCollection{stawski2015MeasurementBurstDesign,
  title = {Measurement {{Burst Design}}},
  booktitle = {The {{Encyclopedia}} of {{Adulthood}} and {{Aging}}},
  author = {Robert S. Stawski and Stuart W. S. MacDonald and Martin J. Sliwinski},
  date = {2015},
  pages = {1--5},
  publisher = {{American Cancer Society}},
  doi = {10.1002/9781118521373.wbeaa313},
  url = {https://onlinelibrary.wiley.com/doi/abs/10.1002/9781118521373.wbeaa313},
  urldate = {2020-11-30},
  annotation = {\_eprint: https://onlinelibrary.wiley.com/doi/pdf/10.1002/9781118521373.wbeaa313},
  isbn = {978-1-118-52137-3},
  keywords = {intraindividual change,intraindividual variability,longitudinal methods,measurement burst design,multilevel modeling,repeated measures},
  langid = {english},
}

@Article{scholz2019ItTimeThink,
  ids = {scholz2019ItTimeThinka},
  title = {It's {{Time}} to {{Think}} about {{Time}} in {{Health Psychology}}},
  author = {Urte Scholz},
  date = {2019},
  journaltitle = {Applied Psychology: Health and Well-Being},
  volume = {11},
  pages = {173--186},
  issn = {1758-0854},
  doi = {10/ghhw2f},
  url = {https://iaap-journals.onlinelibrary.wiley.com/doi/abs/10.1111/aphw.12156},
  urldate = {2020-11-04},
  annotation = {\_eprint: https://iaap-journals.onlinelibrary.wiley.com/doi/pdf/10.1111/aphw.12156},
  keywords = {health psychology,temporal matter,theory,time},
  langid = {english},
  number = {2},
}

@Report{chevance2020InnovativeMethodsPredicting,
  title = {Innovative Methods for Predicting and Changing Complex Health Behaviors: {{Four}} Propositions},
  shorttitle = {Innovative Methods for Predicting and Changing Complex Health Behaviors},
  author = {Guillaume Chevance and Olga Perski and Eric Hekler},
  date = {2020-01-06T20:44:15},
  institution = {{PsyArXiv}},
  doi = {10.31234/osf.io/w6h78},
  url = {https://psyarxiv.com/w6h78/},
  urldate = {2020-12-20},
  keywords = {adaptive interventions,behavior change,computational models,continuous tuning interventions,ecological momentary assessment,idiographic,precision health,Social and Behavioral Sciences},
}

@Article{vanrooij2021TheoryTestHow,
  title = {Theory {{Before}} the {{Test}}: {{How}} to {{Build High}}-{{Verisimilitude Explanatory Theories}} in {{Psychological Science}}},
  shorttitle = {Theory {{Before}} the {{Test}}},
  author = {Iris {van Rooij} and Giosu{\~A}{\textflorin}{\^A}\" Baggio},
  date = {2021-01-06},
  journaltitle = {Perspectives on Psychological Science},
  shortjournal = {Perspect Psychol Sci},
  pages = {1745691620970604},
  publisher = {{SAGE Publications Inc}},
  issn = {1745-6916},
  doi = {10/ghs3jm},
  url = {https://doi.org/10.1177/1745691620970604},
  urldate = {2021-03-14},
  keywords = {computational analysis,computational-level theory,formal modeling,levels of explanation,psychological explanation,theoretical cycle,theory development},
  langid = {english},
  options = {useprefix=true},
}

@Article{schreiber2000SurrogateTimeSeries,
  title = {Surrogate Time Series},
  author = {Thomas Schreiber and Andreas Schmitz},
  date = {2000-08-15},
  journaltitle = {Physica D: Nonlinear Phenomena},
  shortjournal = {Physica D: Nonlinear Phenomena},
  volume = {142},
  pages = {346--382},
  issn = {0167-2789},
  doi = {10/cpjs6s},
  url = {http://www.sciencedirect.com/science/article/pii/S0167278900000439},
  urldate = {2021-01-13},
  keywords = {Nonlinearity,Surrogate data,Time series},
  langid = {english},
  number = {3},
}

@Article{kaplan2020BestPracticesElectronically,
  title = {Best Practices for {{Electronically Activated Recorder}} ({{EAR}}) Research: {{A}} Practical Guide to Coding and Processing {{EAR}} Data},
  shorttitle = {Best Practices for {{Electronically Activated Recorder}} ({{EAR}}) Research},
  author = {Deanna M. Kaplan and Kelly E. Rentscher and Maximilian Lim and Ramon Reyes and Dylan Keating and Jennifer Romero and Anisha Shah and Aaren D. Smith and Kylee A. York and Anne Milek and Allison M. Tackman and Matthias R. Mehl},
  date = {2020-08-01},
  journaltitle = {Behav Res},
  volume = {52},
  pages = {1538--1551},
  issn = {1554-3528},
  doi = {10/ggssqn},
  url = {https://doi.org/10.3758/s13428-019-01333-y},
  urldate = {2021-03-15},
  langid = {english},
  number = {4},
}

@InCollection{molenaar2008ConsequencesErgodicTheorems,
  title = {Consequences of the {{Ergodic Theorems}} for {{Classical Test Theory}}, Factor {{Analysis}}, and the {{Analysis}} of {{Developmental Processes}}},
  booktitle = {Handbook of {{Cognitive Aging}}: {{Interdisciplinary Perspectives}}},
  author = {Peter C. M. Molenaar},
  date = {2008},
  pages = {90--104},
  publisher = {{SAGE Publications, Inc.}},
  location = {{2455 Teller Road,~ Thousand Oaks~ California~ 91320~ United States}},
  doi = {10.4135/9781412976589.n5},
  url = {http://sk.sagepub.com/reference/hdbk_cognativeaging/n5.xml},
  urldate = {2021-03-15},
  isbn = {978-1-4129-4105-1 978-1-4129-7658-9},
}

@Article{piccirillo2019FoundationsIdiographicMethods,
  title = {Foundations of Idiographic Methods in Psychology and Applications for Psychotherapy},
  author = {Marilyn L. Piccirillo and Thomas L. Rodebaugh},
  date = {2019-07},
  journaltitle = {Clin Psychol Rev},
  volume = {71},
  pages = {90--100},
  issn = {1873-7811},
  doi = {10/gf6zs9},
  eprint = {30665765},
  eprinttype = {pmid},
  keywords = {Humans,Idiographic,Individual-level,Methodology,Psychology,Psychopathology,Psychotherapy,Statistics as Topic},
  langid = {english},
}
