
@article{2019TimeMoveAverage,
  title = {Time to Move beyond Average Thinking},
  date = {2019-12},
  journaltitle = {Nat. Phys.},
  volume = {15},
  pages = {1207--1207},
  issn = {1745-2473, 1745-2481},
  doi = {10/ggdzm3},
  url = {http://www.nature.com/articles/s41567-019-0758-3},
  urldate = {2021-03-16},
  langid = {english},
  number = {12}
}


