@Article{kaplan2020BestPracticesElectronically,
  title = {Best Practices for {{Electronically Activated Recorder}} ({{EAR}}) Research: {{A}} Practical Guide to Coding and Processing {{EAR}} Data},
  shorttitle = {Best Practices for {{Electronically Activated Recorder}} ({{EAR}}) Research},
  author = {Deanna M. Kaplan and Kelly E. Rentscher and Maximilian Lim and Ramon Reyes and Dylan Keating and Jennifer Romero and Anisha Shah and Aaren D. Smith and Kylee A. York and Anne Milek and Allison M. Tackman and Matthias R. Mehl},
  date = {2020-08-01},
  journaltitle = {Behavior Research Methods},
  shortjournal = {Behav Res},
  volume = {52},
  pages = {1538--1551},
  issn = {1554-3528},
  doi = {10/ggssqn},
  url = {https://doi.org/10.3758/s13428-019-01333-y},
  urldate = {2021-03-15},
  langid = {english},
  number = {4},
}
@Article{chevance2020IdiographicDaytodayFluctuations,
  title = {Idiographic, Day-to-Day, Fluctuations in Walking Behavior: {{Observation}} and Prediction of Sudden Behavioral Gains and Losses},
  shorttitle = {Idiographic, Day-to-Day, Fluctuations in Walking Behavior},
  author = {Guillaume Chevance and Dario Baretta and Matti T. J. Heino and Olga Perski and Predrag Klasnja and Eric Hekler and Job Godino},
  date = {2020-10-16},
  publisher = {{OSF}},
  doi = {10/ghgjq3},
  url = {https://osf.io/64cmv/},
  urldate = {2020-10-25},
  langid = {english},
}

@Article{chevance2020IdiographicDaytodayFluctuations,
  title = {Idiographic, Day-to-Day, Fluctuations in Walking Behavior: {{Observation}} and Prediction of Sudden Behavioral Gains and Losses},
  shorttitle = {Idiographic, Day-to-Day, Fluctuations in Walking Behavior},
  author = {Guillaume Chevance and Dario Baretta and Matti T. J. Heino and Olga Perski and Predrag Klasnja and Eric Hekler and Job Godino},
  date = {2020-10-16},
  publisher = {{OSF}},
  doi = {10/ghgjq3},
  url = {https://osf.io/64cmv/},
  urldate = {2020-10-26},
  langid = {english},
}
@Article{piccirillo2019FoundationsIdiographicMethods,
  title = {Foundations of Idiographic Methods in Psychology and Applications for Psychotherapy},
  author = {Marilyn L. Piccirillo and Thomas L. Rodebaugh},
  date = {2019-07},
  journaltitle = {Clinical Psychology Review},
  shortjournal = {Clin Psychol Rev},
  volume = {71},
  pages = {90--100},
  issn = {1873-7811},
  doi = {10/gf6zs9},
  eprint = {30665765},
  eprinttype = {pmid},
  keywords = {Humans,Idiographic,Individual-level,Methodology,Psychology,Psychopathology,Psychotherapy,Statistics as Topic},
  langid = {english},
}
@InCollection{molenaar2008ConsequencesErgodicTheorems,
  title = {Consequences of the {{Ergodic Theorems}} for {{Classical Test Theory}}, Factor {{Analysis}}, and the {{Analysis}} of {{Developmental Processes}}},
  booktitle = {Handbook of {{Cognitive Aging}}: {{Interdisciplinary Perspectives}}},
  author = {Peter C. M. Molenaar},
  date = {2008},
  pages = {90--104},
  publisher = {{SAGE Publications, Inc.}},
  location = {{2455 Teller Road,~ Thousand Oaks~ California~ 91320~ United States}},
  doi = {10.4135/9781412976589.n5},
  url = {http://sk.sagepub.com/reference/hdbk_cognativeaging/n5.xml},
  urldate = {2021-03-15},
  isbn = {978-1-4129-4105-1 978-1-4129-7658-9},
}
