@Article{ashwin2012TippingPointsOpen,
  title = {Tipping Points in Open Systems: Bifurcation, Noise-Induced and Rate-Dependent Examples in the Climate System},
  shorttitle = {Tipping Points in Open Systems},
  author = {Peter Ashwin and Sebastian Wieczorek and Renato Vitolo and Peter Cox},
  date = {2012-03-13},
  journaltitle = {Philosophical Transactions of the Royal Society A: Mathematical, Physical and Engineering Sciences},
  volume = {370},
  pages = {1166--1184},
  publisher = {{Royal Society}},
  doi = {10/fztn3p},
  url = {https://royalsocietypublishing.org/doi/10.1098/rsta.2011.0306},
  urldate = {2020-08-08},
  number = {1962},
}

@Software{aust2020PapajaPreparingAPA,
  title = {Papaja ({{Preparing APA Journal Articles}})},
  author = {Frederik Aust},
  date = {2020},
  origdate = {2014-07-20T11:43:41Z},
  url = {https://github.com/crsh/papaja},
  urldate = {2019-04-04},
  editora = {Marius Barth},
  editoratype = {collaborator},
  version = {0.1.0.9942},
}

@Book{banduraSocialFoundationsThought1986,
  title = {Social Foundations of Thought and Action: {{A}} Social Cognitive Theory},
  shorttitle = {Social Foundations of Thought and Action},
  author = {Albert Bandura},
  date = {1986},
  publisher = {{Prentice-Hall, Inc}},
  location = {{Englewood Cliffs, NJ, US}},
  isbn = {978-0-13-815614-5},
  keywords = {Behavior,Cognitive Processes,Motivation,Self-Management,Social Change,Social Perception},
  pagetotal = {xiii, 617},
  series = {Social Foundations of Thought and Action: {{A}} Social Cognitive Theory},
}

@Book{barabasiNetworkScience2016,
  title = {Network {{Science}}},
  author = {Albert-L{\~A}{\textexclamdown}szl{\~A}{\maththreesuperior} Barab{\~A}{\textexclamdown}si},
  date = {2016-07-21},
  publisher = {{Cambridge University Press}},
  url = {http://barabasi.com/networksciencebook/},
  eprint = {iLtGDQAAQBAJ},
  eprinttype = {googlebooks},
  isbn = {978-1-107-07626-6},
  keywords = {Computers / Networking / General,Computers / Programming / Algorithms,Science / Physics / General,Science / Physics / Mathematical & Computational},
  langid = {english},
  pagetotal = {477},
}

@Article{bechtel2013ThinkingDynamicallyBiological,
  title = {Thinking {{Dynamically About Biological Mechanisms}}: {{Networks}} of {{Coupled Oscillators}}},
  shorttitle = {Thinking {{Dynamically About Biological Mechanisms}}},
  author = {William Bechtel and Adele A. Abrahamsen},
  date = {2013-11},
  journaltitle = {Found Sci},
  volume = {18},
  pages = {707--723},
  issn = {1233-1821, 1572-8471},
  doi = {10/gjfxw3},
  url = {http://link.springer.com/10.1007/s10699-012-9301-z},
  urldate = {2020-05-23},
  langid = {english},
  number = {4},
}

@Article{bolger2019HeterogeneityTemporalProcesses,
  title = {Heterogeneity in {{Temporal Processes}}: {{Implications}} for {{Theories}} in {{Health Psychology}}},
  shorttitle = {Heterogeneity in {{Temporal Processes}}},
  author = {Niall Bolger and Katherine S. Zee},
  date = {2019},
  journaltitle = {Applied Psychology: Health and Well-Being},
  volume = {11},
  pages = {198--201},
  issn = {1758-0854},
  doi = {10/ghhwz8},
  url = {https://iaap-journals.onlinelibrary.wiley.com/doi/abs/10.1111/aphw.12159},
  urldate = {2020-11-04},
  annotation = {\_eprint: https://iaap-journals.onlinelibrary.wiley.com/doi/pdf/10.1111/aphw.12159},
  langid = {english},
  number = {2},
}

@Book{bolgerIntensiveLongitudinalMethods2013,
  title = {Intensive {{Longitudinal Methods}}: {{An Introduction}} to {{Diary}} and {{Experience Sampling Research}}},
  shorttitle = {Intensive {{Longitudinal Methods}}},
  author = {Niall Bolger and Jean-Philippe Laurenceau},
  date = {2013-01-22},
  publisher = {{Guilford Press}},
  isbn = {978-1-4625-0692-7},
  keywords = {Business & Economics / Statistics,Education / Statistics,Medical / Nursing / Research & Theory,Psychology / Assessment; Testing & Measurement,Psychology / Statistics},
  langid = {english},
  pagetotal = {274},
}

@InCollection{bronfenbrennerEcologyDevelopmentalProcesses1998,
  ids = {bronfenbrennerEcologyDevelopmentalProcesses},
  title = {The Ecology of Developmental Processes},
  booktitle = {Handbook of Child Psychology: {{Theoretical}} Models of Human Development, {{Volume}} 1, 5th Ed},
  author = {Urie Bronfenbrenner and Pamela A. Morris},
  date = {1998},
  pages = {993--1028},
  publisher = {{John Wiley \& Sons Inc}},
  location = {{Hoboken, NJ, US}},
  isbn = {978-0-471-05527-3},
  keywords = {Developmental Psychology,Ecology,Human Development,Models},
}

@InCollection{carelloWhyNonlinearMethods2005,
  title = {Why Nonlinear Methods},
  booktitle = {Tutorials in Contemporary Nonlinear Methods for the Behavioral Sciences},
  author = {Claudia Carello and M. Moreno},
  date = {2005},
  pages = {1--25},
  url = {https://nsf.gov/pubs/2005/nsf05057/nmbs/chap1.pdf},
}

@Article{chevance2020IdiographicDaytodayFluctuations,
  title = {Idiographic, Day-to-Day, Fluctuations in Walking Behavior: {{Observation}} and Prediction of Sudden Behavioral Gains and Losses},
  shorttitle = {Idiographic, Day-to-Day, Fluctuations in Walking Behavior},
  author = {Guillaume Chevance and Dario Baretta and Matti T. J. Heino and Olga Perski and Predrag Klasnja and Eric Hekler and Job Godino},
  date = {2020-10-16},
  publisher = {{OSF}},
  doi = {10/ghgjq3},
  url = {https://osf.io/64cmv/},
  urldate = {2020-10-25},
  langid = {english},
}

@Report{chevance2020InnovativeMethodsPredicting,
  title = {Innovative Methods for Predicting and Changing Complex Health Behaviors: {{Four}} Propositions},
  shorttitle = {Innovative Methods for Predicting and Changing Complex Health Behaviors},
  author = {Guillaume Chevance and Olga Perski and Eric Hekler},
  date = {2020-01-06T20:44:15},
  institution = {{PsyArXiv}},
  doi = {10.31234/osf.io/w6h78},
  url = {https://psyarxiv.com/w6h78/},
  urldate = {2020-12-20},
  keywords = {adaptive interventions,behavior change,computational models,continuous tuning interventions,ecological momentary assessment,idiographic,precision health,Social and Behavioral Sciences},
}

@Article{craigTakingAccountContext2018,
  title = {Taking Account of Context in Population Health Intervention Research: Guidance for Producers, Users and Funders of Research},
  shorttitle = {Taking Account of Context in Population Health Intervention Research},
  author = {Peter Craig and Erica {Di Ruggiero} and Katherine L. Frolich and Eric Mykhalovskiy and Martin White and Rona Campbell and Steven Cummins and Nancy Edwards and Kate Hunt and Frank Kee},
  date = {2018},
}

@Article{dishmanDeterminantsPhysicalActivity1985,
  title = {The Determinants of Physical Activity and Exercise.},
  author = {R K Dishman and J F Sallis and D R Orenstein},
  date = {1985},
  journaltitle = {Public Health Rep},
  volume = {100},
  pages = {158--171},
  issn = {0033-3549},
  url = {https://www.ncbi.nlm.nih.gov/pmc/articles/PMC1424729/},
  urldate = {2019-05-28},
  eprint = {3920714},
  eprinttype = {pmid},
  number = {2},
  pmcid = {PMC1424729},
}

@Report{fisherGeneratingAccuratePersonalized2019,
  title = {Generating {{Accurate Personalized Predictions}} of {{Future Behavior}}: {{A Smoking Exemplar}}},
  shorttitle = {Generating {{Accurate Personalized Predictions}} of {{Future Behavior}}},
  author = {Aaron Jason Fisher and Peter D. Soyster},
  date = {2019-03-28},
  institution = {{PsyArXiv}},
  doi = {10.31234/osf.io/e24v6},
  url = {https://osf.io/e24v6},
  urldate = {2019-05-30},
  type = {preprint},
}

@Article{golonka2019EcologicalMechanismsCognitive,
  title = {Ecological Mechanisms in Cognitive Science},
  author = {Sabrina Golonka and Andrew D. Wilson},
  date = {2019-10},
  journaltitle = {Theory \& Psychology},
  volume = {29},
  pages = {676--696},
  issn = {0959-3543, 1461-7447},
  doi = {10/ghnfk3},
  url = {http://journals.sagepub.com/doi/10.1177/0959354319877686},
  urldate = {2020-05-23},
  langid = {english},
  number = {5},
}

@Article{gordon1968IssuesMultipleRegression,
  title = {Issues in {{Multiple Regression}}},
  author = {Robert A. Gordon},
  date = {1968},
  journaltitle = {American Journal of Sociology},
  volume = {73},
  pages = {592--616},
  publisher = {{University of Chicago Press}},
  issn = {0002-9602},
  doi = {10/cckkmp},
  eprint = {2775561},
  eprinttype = {jstor},
  number = {5},
}

@Article{hardeman2019SystematicReviewJustintime,
  title = {A Systematic Review of Just-in-Time Adaptive Interventions ({{JITAIs}}) to Promote Physical Activity},
  author = {Wendy Hardeman and Julie Houghton and Kathleen Lane and Andy Jones and Felix Naughton},
  date = {2019-04-03},
  journaltitle = {International Journal of Behavioral Nutrition and Physical Activity},
  volume = {16},
  pages = {31},
  issn = {1479-5868},
  doi = {10/gf35q9},
  url = {https://doi.org/10.1186/s12966-019-0792-7},
  urldate = {2020-11-30},
  number = {1},
}

@Software{hasselman2020CasnetToolboxStudying,
  title = {Casnet: {{A}} Toolbox for Studying {{Complex Adaptive Systems}} and {{NETworks}}},
  author = {Fred Hasselman},
  date = {2020-03-29T13:28:01Z},
  origdate = {2017-10-13T06:20:38Z},
  url = {https://github.com/FredHasselman/casnet},
  urldate = {2020-03-29},
  version = {0.1.4},
}

@Article{hofmann2020LinearMediationDynamic,
  title = {Beyond Linear Mediation: {{Toward}} a Dynamic Network Approach to Study Treatment Processes},
  shorttitle = {Beyond Linear Mediation},
  author = {Stefan G. Hofmann and Joshua E. Curtiss and Steven C. Hayes},
  date = {2020-03-01},
  journaltitle = {Clinical Psychology Review},
  volume = {76},
  pages = {101824},
  issn = {0272-7358},
  doi = {10/ggh7wz},
  url = {http://www.sciencedirect.com/science/article/pii/S027273582030012X},
  urldate = {2020-05-24},
  keywords = {Complex Network,Dynamic System,Mediation,Process,Therapy,Treatment},
  langid = {english},
}

@InCollection{jeronimusDynamicSystemPerspectives2019,
  title = {Dynamic System Perspectives on Anxiety and Depression},
  booktitle = {Psychosocial {{Development}} in {{Adolescence}}},
  author = {Bertus F. Jeronimus},
  editor = {E. Saskia Kunnen and Naomi M.P. {de Ruiter} and Bertus F. Jeronimus and Mandy A.E. {van der Gaag}},
  date = {2019-04-25},
  edition = {1},
  pages = {100--126},
  publisher = {{Routledge}},
  doi = {10.4324/9781315165844-7},
  url = {https://www.taylorfrancis.com/books/9781351678339/chapters/10.4324/9781315165844-7},
  urldate = {2020-03-27},
  isbn = {978-1-315-16584-4},
  langid = {english},
  options = {useprefix=true},
}

@Article{kaplan2020BestPracticesElectronically,
  title = {Best Practices for {{Electronically Activated Recorder}} ({{EAR}}) Research: {{A}} Practical Guide to Coding and Processing {{EAR}} Data},
  shorttitle = {Best Practices for {{Electronically Activated Recorder}} ({{EAR}}) Research},
  author = {Deanna M. Kaplan and Kelly E. Rentscher and Maximilian Lim and Ramon Reyes and Dylan Keating and Jennifer Romero and Anisha Shah and Aaren D. Smith and Kylee A. York and Anne Milek and Allison M. Tackman and Matthias R. Mehl},
  date = {2020-08-01},
  journaltitle = {Behav Res},
  volume = {52},
  pages = {1538--1551},
  issn = {1554-3528},
  doi = {10/ggssqn},
  url = {https://doi.org/10.3758/s13428-019-01333-y},
  urldate = {2021-03-15},
  langid = {english},
  number = {4},
}

@Article{keele2015CausalMediationAnalysis,
  title = {Causal {{Mediation Analysis}}: {{Warning}}! {{Assumptions Ahead}}},
  shorttitle = {Causal {{Mediation Analysis}}},
  author = {Luke Keele},
  date = {2015-12},
  journaltitle = {American Journal of Evaluation},
  volume = {36},
  pages = {500--513},
  issn = {1098-2140, 1557-0878},
  doi = {10/f7z89g},
  url = {http://journals.sagepub.com/doi/10.1177/1098214015594689},
  urldate = {2020-05-25},
  langid = {english},
  number = {4},
}

@Article{knafl2017IncorporatingNonlinearityMediation,
  title = {Incorporating Nonlinearity into Mediation Analyses},
  author = {George J. Knafl and Kathleen A. Knafl and Margaret Grey and Jane Dixon and Janet A. Deatrick and Agatha M. Gallo},
  date = {2017-03-21},
  journaltitle = {BMC Med Res Methodol},
  volume = {17},
  pages = {45},
  issn = {1471-2288},
  doi = {10/f92k9d},
  url = {https://bmcmedresmethodol.biomedcentral.com/articles/10.1186/s12874-017-0296-6},
  eprint = {28320340},
  eprinttype = {pmid},
  keywords = {Adaptation; Psychological,Adaptive regression,Child,Child; Preschool,Childhood chronic conditions,Chronic Disease,Family,Fractional polynomials,Humans,Mediation,Models; Theoretical,Moderated mediation,Negotiating,Nonlinearity,Regression Analysis},
  langid = {english},
  number = {1},
  pmcid = {PMC5359968},
}

@InCollection{matthews2020EvaluationBehaviorChange,
  title = {Evaluation of {{Behavior Change Interventions}}},
  booktitle = {The {{Handbook}} of {{Behavior Change}}},
  author = {Lynsay Matthews and Sharon A. Simpson},
  editor = {Kyra Hamilton and Linda D. Cameron and Martin S. Hagger and Nelli Hankonen and Taru Lintunen},
  date = {2020},
  pages = {318--332},
  publisher = {{Cambridge University Press}},
  location = {{Cambridge}},
  doi = {10.1017/9781108677318.022},
  url = {https://www.cambridge.org/core/books/handbook-of-behavior-change/evaluation-of-behavior-change-interventions/7A465DD7FE32F9746516A7C93135BDBF},
  urldate = {2020-11-30},
  isbn = {978-1-108-49639-1},
  keywords = {consideration of wider context,experimental designs,feasibility trial,intervention effectiveness,intervention efficacy,nonexperimental designs,process evaluation,process theory,randomized controlled trials},
  series = {Cambridge {{Handbooks}} in {{Psychology}}},
}

@Article{matthewsSourcesVarianceDaily2002,
  title = {Sources of Variance in Daily Physical Activity Levels as Measured by an Accelerometer},
  author = {Charles E. Matthews and Barbara E. Ainsworth and Raymond W. Thompson and David R. Bassett},
  date = {2002-08},
  journaltitle = {Med Sci Sports Exerc},
  volume = {34},
  pages = {1376--1381},
  issn = {0195-9131},
  eprint = {12165695},
  eprinttype = {pmid},
  keywords = {Acceleration,Adult,Age Factors,Aged,Analysis of Variance,Body Mass Index,Cohort Studies,Energy Intake,Energy Metabolism,Exercise,Female,Humans,Leisure Activities,Life Style,Male,Middle Aged,Physical Fitness,Probability,Sex Factors,Sports Medicine,Time Factors},
  langid = {english},
  number = {8},
}

@Book{mitchellComplexityGuidedTour2009,
  title = {Complexity: A Guided Tour},
  shorttitle = {Complexity},
  author = {Melanie Mitchell},
  date = {2009},
  publisher = {{Oxford University Press}},
  location = {{Oxford [England] ; New York}},
  annotation = {OCLC: ocn216938473},
  isbn = {978-0-19-512441-5},
  keywords = {Complexity (Philosophy)},
  pagetotal = {349},
}

@InCollection{molenaar2008ConsequencesErgodicTheorems,
  title = {Consequences of the {{Ergodic Theorems}} for {{Classical Test Theory}}, Factor {{Analysis}}, and the {{Analysis}} of {{Developmental Processes}}},
  booktitle = {Handbook of {{Cognitive Aging}}: {{Interdisciplinary Perspectives}}},
  author = {Peter C. M. Molenaar},
  date = {2008},
  pages = {90--104},
  publisher = {{SAGE Publications, Inc.}},
  location = {{2455 Teller Road,~ Thousand Oaks~ California~ 91320~ United States}},
  doi = {10.4135/9781412976589.n5},
  url = {http://sk.sagepub.com/reference/hdbk_cognativeaging/n5.xml},
  urldate = {2021-03-15},
  isbn = {978-1-4129-4105-1 978-1-4129-7658-9},
}

@Article{olthof2020ComplexityPsychologicalSelfratings,
  ids = {olthof2020ComplexityPsychologicalSelfRatings},
  title = {Complexity in Psychological Self-Ratings: Implications for Research and Practice},
  shorttitle = {Complexity in Psychological Self-Ratings},
  author = {Merlijn Olthof and Fred Hasselman and Anna Lichtwarck-Aschoff},
  date = {2020-10-08},
  journaltitle = {BMC Medicine},
  volume = {18},
  pages = {317},
  issn = {1741-7015},
  doi = {10/ghmjmx},
  url = {https://doi.org/10.1186/s12916-020-01727-2},
  urldate = {2020-11-27},
  number = {1},
}

@InCollection{olthofPsychologicalDynamicsAre2020,
  title = {Psychological Dynamics Are Complex: A Comparison of Scaling, Variance, and Dynamic Complexity in Simulated and Observed Data},
  shorttitle = {Psychological Dynamics Are Complex},
  author = {Merlijn Olthof and Fred Hasselman and Maarten Wijnants and Anna Lichtwarck-Aschoff},
  date = {2020-03-28},
  pages = {303--316},
  doi = {10.1007/978-3-658-29906-4_17},
  isbn = {978-3-658-29905-7},
}

@Article{piccirillo2019FoundationsIdiographicMethods,
  title = {Foundations of Idiographic Methods in Psychology and Applications for Psychotherapy},
  author = {Marilyn L. Piccirillo and Thomas L. Rodebaugh},
  date = {2019-07},
  journaltitle = {Clin Psychol Rev},
  volume = {71},
  pages = {90--100},
  issn = {1873-7811},
  doi = {10/gf6zs9},
  eprint = {30665765},
  eprinttype = {pmid},
  keywords = {Humans,Idiographic,Individual-level,Methodology,Psychology,Psychopathology,Psychotherapy,Statistics as Topic},
  langid = {english},
}

@Article{reichert2020AmbulatoryAssessmentPhysical,
  title = {Ambulatory Assessment for Physical Activity Research: {{State}} of the Science, Best Practices and Future Directions},
  shorttitle = {Ambulatory Assessment for Physical Activity Research},
  author = {Markus Reichert and Marco Giurgiu and Elena D. Koch and Lena M. Wieland and Sven Lautenbach and Andreas B. Neubauer and Birte {von Haaren-Mack} and Ren{\~A}\"{} Schilling and Irina Timm and Nanna Notthoff and Isabel Marzi and Holger Hill and Sarah Br{\~A}{\textonequarter}{\~A}{\"Y}ler and Tobias Eckert and Janis Fiedler and Alexander Burchartz and Bastian Anedda and Kathrin Wunsch and Markus Gerber and Darko Jekauc and Alexander Woll and Genevieve F. Dunton and Martina Kanning and Claudio R. Nigg and Ulrich Ebner-Priemer and Yue Liao},
  date = {2020-09-01},
  journaltitle = {Psychology of Sport and Exercise},
  volume = {50},
  pages = {101742},
  issn = {1469-0292},
  doi = {10/gg2mnr},
  url = {http://www.sciencedirect.com/science/article/pii/S1469029219307393},
  urldate = {2020-08-26},
  keywords = {Ambulatory assessment,Best practices,Ecological momentary assessment,Experience sampling,Future directions,Physical activity},
  langid = {english},
  options = {useprefix=true},
}

@Book{ryanSelfdeterminationTheoryBasic2017,
  title = {Self-Determination Theory: Basic Psychological Needs in Motivation, Development, and Wellness},
  shorttitle = {Self-Determination Theory},
  author = {Richard M. Ryan and Edward L. Deci},
  date = {2017},
  publisher = {{Guilford Press}},
  location = {{New York}},
  isbn = {978-1-4625-2876-9},
  keywords = {Autonomy (Psychology)},
  langid = {english},
  pagetotal = {756},
}

@Article{schiepek2020ConvergentValidationMethods,
  title = {Convergent {{Validation}} of {{Methods}} for the {{Identification}} of {{Psychotherapeutic Phase Transitions}} in {{Time Series}} of {{Empirical}} and {{Model Systems}}},
  author = {G{\~A}{\textonequarter}nter Schiepek and Helmut Sch{\~A}{\P}ller and Giulio {de Felice} and Sune Vork Steffensen and Marie Skaalum Bloch and Clemens Fartacek and Wolfgang Aichhorn and Kathrin Viol},
  date = {2020},
  journaltitle = {Front Psychol},
  volume = {11},
  pages = {1970},
  issn = {1664-1078},
  doi = {10/ghjsr9},
  eprint = {32982834},
  eprinttype = {pmid},
  keywords = {change points,nonlinear methods,pattern identification,phase transitions,phase-transition detection algorithm,PTDA,real-time monitoring,self-organization},
  langid = {english},
  options = {useprefix=true},
  pmcid = {PMC7479190},
}

@Article{scholz2019ItTimeThink,
  ids = {scholz2019ItTimeThinka},
  title = {It's {{Time}} to {{Think}} about {{Time}} in {{Health Psychology}}},
  author = {Urte Scholz},
  date = {2019},
  journaltitle = {Applied Psychology: Health and Well-Being},
  volume = {11},
  pages = {173--186},
  issn = {1758-0854},
  doi = {10/ghhw2f},
  url = {https://iaap-journals.onlinelibrary.wiley.com/doi/abs/10.1111/aphw.12156},
  urldate = {2020-11-04},
  annotation = {\_eprint: https://iaap-journals.onlinelibrary.wiley.com/doi/pdf/10.1111/aphw.12156},
  keywords = {health psychology,temporal matter,theory,time},
  langid = {english},
  number = {2},
}

@Article{schreiber2000SurrogateTimeSeries,
  title = {Surrogate Time Series},
  author = {Thomas Schreiber and Andreas Schmitz},
  date = {2000-08-15},
  journaltitle = {Physica D: Nonlinear Phenomena},
  volume = {142},
  pages = {346--382},
  issn = {0167-2789},
  doi = {10/cpjs6s},
  url = {http://www.sciencedirect.com/science/article/pii/S0167278900000439},
  urldate = {2021-01-13},
  keywords = {Nonlinearity,Surrogate data,Time series},
  langid = {english},
  number = {3},
}

@InCollection{stawski2015MeasurementBurstDesign,
  title = {Measurement {{Burst Design}}},
  booktitle = {The {{Encyclopedia}} of {{Adulthood}} and {{Aging}}},
  author = {Robert S. Stawski and Stuart W. S. MacDonald and Martin J. Sliwinski},
  date = {2015},
  pages = {1--5},
  publisher = {{American Cancer Society}},
  doi = {10.1002/9781118521373.wbeaa313},
  url = {https://onlinelibrary.wiley.com/doi/abs/10.1002/9781118521373.wbeaa313},
  urldate = {2020-11-30},
  annotation = {\_eprint: https://onlinelibrary.wiley.com/doi/pdf/10.1002/9781118521373.wbeaa313},
  isbn = {978-1-118-52137-3},
  keywords = {intraindividual change,intraindividual variability,longitudinal methods,measurement burst design,multilevel modeling,repeated measures},
  langid = {english},
}

@Book{strogatzNonlinearDynamicsChaos2018,
  title = {Nonlinear {{Dynamics}} and {{Chaos}}: {{With Applications}} to {{Physics}}, {{Biology}}, {{Chemistry}}, and {{Engineering}}},
  shorttitle = {Nonlinear {{Dynamics}} and {{Chaos}}},
  author = {Steven H Strogatz},
  date = {2018},
  url = {http://public.eblib.com/choice/publicfullrecord.aspx?p=5326844},
  urldate = {2019-05-28},
  annotation = {OCLC: 1029247331},
  isbn = {978-0-429-39964-0 978-0-429-68016-8 978-0-429-68015-1 978-0-429-49256-3 978-0-429-96111-3 978-0-429-68014-4},
  langid = {english},
}

@Book{taleb2020StatisticalConsequencesFat,
  title = {Statistical {{Consequences}} of {{Fat Tails}}: {{Real World Preasymptotics}}, {{Epistemology}}, and {{Applications}}},
  shorttitle = {Statistical {{Consequences}} of {{Fat Tails}}},
  author = {Nassim Nicholas Taleb},
  date = {2020-06-30},
  edition = {Illustrated Edition},
  publisher = {{STEM Academic Press}},
  isbn = {978-1-5445-0805-4},
  langid = {english},
  pagetotal = {446},
}

@Article{talebBlackSwanCairo2011,
  title = {The {{Black Swan}} of {{Cairo}}},
  author = {Nassim Nicholas Taleb and Mark Blyth},
  date = {2011-06},
  journaltitle = {Foreign Affairs},
  issn = {0015-7120},
  url = {https://fooledbyrandomness.com/ForeignAffairs.pdf},
  urldate = {2019-11-18},
  entrysubtype = {magazine},
  keywords = {Democratization,Economics,Egypt,Political Development,Theory},
  langid = {american},
}

@InCollection{vanordenLivingPinkIntentionality2011,
  title = {Living in the {{Pink}}: {{Intentionality}}, {{Wellbeing}}, and {{Complexity}}},
  shorttitle = {Living in the {{Pink}}},
  booktitle = {Philosophy of {{Complex Systems}}},
  author = {Guy C. {Van Orden} and Heidi Kloos and Sebastian Wallot},
  editor = {Cliff Hooker},
  date = {2011-01-01},
  volume = {10},
  pages = {629--672},
  publisher = {{North-Holland}},
  location = {{Amsterdam}},
  doi = {10.1016/B978-0-444-52076-0.50022-5},
  url = {http://www.sciencedirect.com/science/article/pii/B9780444520760500225},
  urldate = {2019-08-05},
  series = {Handbook of the {{Philosophy}} of {{Science}}},
}

@Article{vanrooij2021TheoryTestHow,
  title = {Theory {{Before}} the {{Test}}: {{How}} to {{Build High}}-{{Verisimilitude Explanatory Theories}} in {{Psychological Science}}},
  shorttitle = {Theory {{Before}} the {{Test}}},
  author = {Iris {van Rooij} and Giosu{\~A}\"{} Baggio},
  date = {2021-01-06},
  journaltitle = {Perspect Psychol Sci},
  pages = {1745691620970604},
  publisher = {{SAGE Publications Inc}},
  issn = {1745-6916},
  doi = {10/ghs3jm},
  url = {https://doi.org/10.1177/1745691620970604},
  urldate = {2021-03-14},
  keywords = {computational analysis,computational-level theory,formal modeling,levels of explanation,psychological explanation,theoretical cycle,theory development},
  langid = {english},
  options = {useprefix=true},
}

@Book{westScaleUniversalLaws2017,
  title = {Scale: {{The Universal Laws}} of {{Growth}}, {{Innovation}}, {{Sustainability}}, and the {{Pace}} of {{Life}} in {{Organisms}}, {{Cities}}, {{Economies}}, and {{Companies}}},
  shorttitle = {Scale},
  author = {Geoffrey West},
  date = {2017-05-16},
  edition = {1},
  publisher = {{Penguin Press}},
  location = {{New York}},
  isbn = {978-1-59420-558-3},
  langid = {english},
  pagetotal = {496},
}

@Book{wrightThinkingSystemsPrimer2009,
  title = {Thinking in {{Systems}}: {{A Primer}}},
  shorttitle = {Thinking in {{Systems}}},
  author = {Diana Wright and Donella H. Meadows},
  date = {2009-02-26},
  edition = {First edition},
  publisher = {{Routledge}},
  location = {{London u.a.: Earthscan}},
  isbn = {978-1-84407-726-7},
  langid = {english},
  pagetotal = {240},
}
